3194 5354
378 520 562 578 EPmTOLAE
580 521 626 574 ET
645 521 776 574 antivia
797 520 1028 627 SELECTlPRA.
1226 525 1277 575 279

553 680 554 684 ’
621 682 784 753 ccxlvi.

584 839 715 881 naurcro
738 839 823 880 rmro

194 945 322 1018 BEDAE,
345 945 486 1006 naam
506 945 559 1006 AD
579 944 759 1008 SANCTUM
780 942 941 1007 PETRUM
963 944 1205 1018 snusnttncr,

409 1068 671 1147 CLEMENS
712 1069 844 1149 PAPA
879 1067 992 1144 XIV.

851 1222 948 1280 Romu,
959 1224 991 1270 nt
999 1218 1132 1270 decenne
1144 1226 1211 1273 177³.

169 1318 299 1390 Dilecto,
316 1326 372 1380 etc.
396 1317 522 1381 Reddita
534 1318 627 1380 Nobis
638 1325 707 1380 sunt
726 1337 779 1398 per
796 1317 938 1378 dilectum
957 1315 1052 1378 tilium
1064 1318 1274 1397 Augustinium

129 1431 189 1475 uua
204 1431 275 1476 cum
289 1413 394 1476 litteris
404 1415 463 1476 tuis
481 1415 613 1496 quinque
627 1414 665 1476 de
679 1415 771 1475 sacris
785 1413 874 1474 rebus
887 1412 1057 1489 volumina,
1070 1430 1199 1493 quorum
1211 1415 1275 1495 ipso

128 1510 237 1592 partim
258 1516 428 1588 auctores,
449 1511 561 1594 partim
573 1509 678 1572 editor.
695 1510 831 1572 alternam
843 1508 938 1571 hoca
958 1515 986 1570 te
999 1508 1147 1570 librorum
1160 1510 1274 1573 donum

126 1605 324 1669 libentissimo
335 1607 507 1688 excepimus
518 1604 631 1684 animo,
642 1624 795 1687 quamque
807 1607 905 1688 primo
919 1607 963 1667 tui
975 1606 1225 1669 existimationem
1243 1609 1273 1670 in

127 1701 219 1764 Nobis
231 1703 382 1779 excitasti,
399 1703 536 1765 eamdem
550 1702 691 1784 deinceps
710 1719 893 1784 magnopere
906 1710 1026 1764 auctam
1045 1703 1274 1766 confirmatam-

127 1818 187 1880 que
198 1800 356 1863 sensimus.
372 1801 427 1863 illa
437 1815 528 1882 porro
540 1818 666 1880 operum
682 1804 859 1880 argumenta
871 1800 1018 1878 majorem
1028 1800 1060 1861 in
1074 1800 1199 1863 modum
1216 1801 1273 1863 de-

127 1901 242 1962 clarant
256 1899 473 1962 consentientia
486 1898 628 1978 religiosa
639 1896 755 1958 vivendi
769 1897 879 1959 rationi
892 1896 991 1958 aneia
1004 1902 1058 1960 tua
1071 1898 1222 1979 animique
1234 1899 1273 1961 ad

125 1995 242 2057 divinas
256 1995 461 2076 salutaresque
479 2013 528 2056 rea
543 1993 769 2076 pertractandas
788 1992 1024 2056 inclinationem.
1042 1995 1127 2056 Unde
1145 1996 1185 2056 ad
1199 1996 1273 2058 illud
1286 2060 1287 2063 ,

123 2092 272 2172 judicium
285 2093 325 2156 de
337 2099 391 2155 tue
403 2092 540 2156 doctriua
550 2098 686 2155 nostrum
696 2092 760 2154 hec
777 2091 893 2153 aceedit
907 2093 1005 2170 major
1016 2093 1112 2154 multo
1123 2111 1159 2154 ac
1173 2095 1273 2172 potior

127 2192 245 2254 rimatis
258 2209 294 2255 oc
312 2190 432 2274 pietatis
444 2197 503 2253 tuae
516 2189 748 2253 commendatio.
765 2191 875 2251 Multas
889 2191 991 2270 itaque
1005 2190 1059 2252 tibi
1072 2189 1219 2252 habemus
1237 2209 1273 2251 ac

124 2289 288 2352 referemus
299 2287 422 2370 gratias,
443 2288 549 2351 dilecte
570 2287 629 2365 fili,
648 2295 760 2368 tuaque
780 2295 811 2349 et
827 2285 970 2348 doctrine
982 2294 1012 2348 et
1030 2286 1148 2349 virtutis
1159 2304 1273 2349 monn·-

127 2396 230 2451 menta
250 2389 415 2471 plurimum
435 2389 517 2471 apud
533 2388 594 2451 Nos
607 2387 735 2451 valitura
752 2387 942 2470 pollicemur,
966 2396 1000 2450 nt
1024 2397 1055 2450 te
1075 2405 1167 2470 quem
1184 2397 1273 2451 antea

126 2495 251 2569 paterna
265 2489 390 2552 cordate
408 2488 682 2570 complectebamur
703 2487 843 2549 omnibus
864 2503 983 2568 semper
1005 2486 1162 2566 singularis
1181 2485 1270 2547 studii

127 2589 216 2664 atque
236 2584 346 2648 canoris
358 2584 465 2647 officiis
477 2601 705 2666 prosequamur.
719 2583 752 2645 td
769 2584 824 2645 tibi
837 2600 1017 2664 persuasum
1026 2583 1122 2663 magis
1133 2600 1199 2645 esse
1212 2601 1271 2664 po-

126 2681 210 2758 terit,
224 2683 248 2743 si
264 2701 355 2764 quam
368 2682 461 2744 Nobis
472 2682 589 2744 dederis
601 2683 735 2744 animum
745 2683 827 2746 hunc
838 2703 908 2764 erga
920 2691 949 2745 te
959 2690 1095 2746 nestrum
1107 2684 1206 2765 reipsa
1216 2684 1269 2746 tibi
1383 2674 1385 2679 ’

127 2778 254 2840 testandi
270 2780 537 2860 opportunitatem.
550 2782 594 2840 Ac
608 2780 638 2841 in
649 2787 780 2861 paterna
794 2779 1006 2842 benevolentia
1018 2781 1128 2861 pignus
1145 2787 1267 2862 aposto·

127 2875 214 2936 ticam
228 2875 467 2936 benedictionem
476 2876 542 2950 tibi,
555 2875 662 2936 dilecte
672 2875 731 2952 fili,
741 2882 932 2956 peramanter
943 2876 1141 2957 impertimur.
1157 2876 1269 2938 Dotem

126 2973 241 3041 Rome,
257 2972 341 3050 apud
351 2973 494 3032 Sanctam
509 2974 637 3032 Mariam
651 2975 807 3050 mojorem,
820 2976 872 3034 sud
885 2977 1004 3035 nancto
1024 2977 1199 3044 Piscatores,
1219 2976 1269 3034 dic

48 3068 51 3078 '
124 3082 161 3130 ‘19
175 3070 339 3130 decembris
356 3072 649 3147 177³,ponta'stcctus
660 3075 754 3130 nostri
765 3087 843 3130 anno
856 3075 969 3148 petato.

604 3302 781 3372 cuxuvu.
874 3277 875 3282 '

382 3462 545 3504 clauseram
567 3462 600 3502 ru
624 3461 758 3503 cuarsro
781 3461 866 3502 rutro
885 3461 1008 3502 uosrno

228 3564 424 3628 LUDOVICO
446 3564 686 3625 annconttn
707 3563 798 3625 nuel
821 3563 1162 3627 CHRISTlleSSIMO

431 3688 664 3768 CLEMENS
691 3690 821 3766 ΡΑΡΑ.
848 3690 953 3766 XIV.

833 3842 927 3898 aune,
940 3846 970 3888 aa
984 3839 1127 3892 enumera.
1135 3845 1203 3891 1773:

163 3938 330 4010 dunestane,
345 3946 404 4000 etc.
421 3939 625 4000 Summarum
639 3938 817 4018 singularem
831 3937 948 3999 elucere
964 3936 994 3997 in
1008 3945 1049 4013 te,
1064 3938 1217 4000 carissime
1235 3939 1273 4000 iu*

118 4035 235 4097 Christo
254 4032 294 4094 tili
316 4042 427 4113 noster,
458 4035 695 4115 magnitudinem
715 4036 848 4117 regiique
872 4038 964 4099 animi
982 4039 1184 4118 prestantium
1199 4040 1271 4115 jnm

118 4137 236 4216 pridem
249 4134 457 4212 intelleximus,
473 4135 582 4196 ethuic
600 4134 764 4213 llejestatis
774 4135 1181 4215 Tueegregielaudiparem
1193 4134 1267 4198 itam

119 4251 185 4293 esse
199 4233 372 4313 preclaram
395 4238 478 4293 tuam
492 4231 652 4311 pietatem,
667 4238 756 4310 atque
777 4232 808 4292 in
822 4232 987 4293 Ecclesiam
1002 4249 1037 4291 ac
1052 4232 1111 4291 Nos
1130 4229 1263 4293 studium

119 4328 253 4389 arbitrati
270 4345 383 4388 sumus.
404 4327 467 4387 Hac
480 4333 538 4387 tua
551 4326 668 4387 virtutis
689 4326 886 4405 cogitatione,
902 4326 1004 4406 tuique
1018 4325 1049 4385 in
1071 4326 1131 4386 Nos
1152 4327 1263 4388 amoris

118 4424 242 4500 tiducia,
257 4443 361 4485 omnes
383 4423 491 4503 quibus
511 4423 562 4485 diu
584 4423 770 4503 multumque
791 4422 953 4484 conflictati
975 4440 1093 4500 sumus,
1118 4442 1206 4486 curas
1226 4445 1262 4486 ac

117 4522 329 4584 sollicitudines
342 4527 460 4582 nostras
479 4519 667 4581 liniebamus.
681 4520 792 4579 Verum
806 4517 897 4580 Nobis
910 4517 939 4580 in
956 4518 1112 4599 pristinam
1127 4527 1261 4582 nostram

473 4629 499 4637 ·’
843 4624 863 4669 o
