3194 5354
217 496 271 549 182
649 487 855 545 anundus
871 488 937 545 xlv

217 611 365 670 caremus,
384 611 453 673 quae
467 592 559 653 animi
574 591 617 652 tui
627 590 707 653 tacta
717 599 795 654 esset
808 611 863 675 per
873 591 1006 654 divinam
1017 591 1145 672 gratiam
1156 592 1369 671 commutatio,

217 710 279 772 quo
292 692 357 770 jam
368 689 509 770 flagrares
520 687 670 765 religionis
684 688 801 767 studio,
821 707 882 769 qua
899 688 1046 750 charitate
1059 691 1137 767 Deo,
1152 707 1214 770 qua
1233 687 1295 751 lide
1309 690 1371 752 Ec-

219 790 326 868 clesia,
336 806 397 870 qua
407 787 499 851 Nobis
509 794 679 868 sanctaque
688 788 759 850 hnic
769 787 839 850 sadi
851 787 963 868 pietate
972 786 1203 864 adbmeweres,
1213 792 1316 849 tenere
1328 786 1371 848 la·

219 889 330 950 crimes
342 904 403 967 pra
415 884 526 965 gaudio
543 902 604 947 non
618 885 789 966 patrimus,
807 884 916 955 dilecte
938 883 980 953 tili
1000 884 1112 953 nob'dis
1125 884 1182 963 sn,
1203 902 1371 966 manusque

221 992 311 1065 atque
330 983 434 1045 oculos
451 983 482 1043 in
493 982 600 1051 cetum
618 981 721 1046 annm
730 981 908 1051 extollentes
918 981 1024 1053 divim
1037 980 1247 1045 unseneordirc
1256 980 1372 1062 magni·

222 1081 356 1144 tudinem
370 1078 562 1159 agnoumus,
573 1096 711 1161 quasque
726 1076 876 1143 valuimus
893 1076 1041 1145 nsanmas
1053 1095 1110 1158 pro
1130 1076 1279 1138 immensa
1293 1076 1324 1137 in
1341 1082 1373 1138 to

223 1177 407 1259 benignitate
416 1174 529 1257 gratias
539 1177 601 1236 Dec
616 1173 827 1254 persolvimus.
845 1173 1006 1235 Summum
1016 1170 1098 1234 enirn
1116 1171 1147 1232 in
1160 1172 1223 1234 Nos
1235 1170 1319 1252 ipsos
1332 1170 1373 1233 ab

222 1294 259 1338 ec
274 1273 417 1336 collatum
435 1270 614 1333 beneficium
626 1270 873 1346 existimavimus,
886 1288 956 1331 cum
967 1276 1032 1331 tam
1043 1268 1186 1330 dilectrrm
1198 1267 1307 1347 tilium,
1319 1268 1372 1351 qui

226 1394 245 1436 a
259 1378 387 1455 paterna
398 1370 492 1432 domo
502 1369 626 1446 exierat,
638 1369 704 1447 ejus
716 1369 784 1430 luce
793 1366 960 1449 pertusum,
971 1367 1038 1446 ejus
1050 1365 1134 1428 dictu
1146 1364 1185 1428 etl
1197 1366 1259 1428 Nos
1272 1383 1374 1428 rever·

224 1475 337 1532 lenem
353 1465 579 1548 recepissemus.
605 1467 709 1546 ltaque
728 1463 947 1544 iucundissimo
969 1471 1001 1526 te
1019 1463 1187 1545 excipimus
1200 1462 1321 1536 annno,
1342 1470 1374 1525 te

224 1564 451 1647 <complectimur
462 1567 516 1625 tuo
527 1561 626 1626 reditu
646 1580 735 1624 curas
748 1569 866 1625 nostras
875 1562 1021 1640 solamtu,
1036 1579 1073 1623 ac
1084 1559 1253 1623 lnbssimos
1272 1561 1374 1624 Fccle·

224 1663 284 1739 sie,
297 1660 448 1742 Nobisqne
459 1659 591 1722 hcsesse
600 1676 661 1740 pra
673 1659 781 1722 eatena
792 1665 968 1741 reputamus
978 1659 1053 1722 dies.
1064 1660 1110 1720 Ex
1121 1657 1376 1738 benjuconditate

224 1759 264 1823 de
278 1765 310 1821 te
323 1760 427 1819 nostra
439 1754 522 1816 vides
535 1754 672 1835 puniente
684 1801 693 1832 ,
706 1773 799 1836 quam
812 1760 990 1836 perpetuam
999 1772 1069 1818 eam
1084 1754 1177 1817 Nobis
1191 1771 1375 1837 pamnem·

225 1873 284 1936 que
294 1872 360 1917 osse
375 1852 551 1934 cupiamus3
568 1852 694 1933 proinde
715 1856 809 1915 Deum
822 1854 922 1936 ipsum
935 1871 1118 1935 magnopere
1135 1853 1373 1927 obsecravimus,

226 1961 260 2015 ut
283 1971 376 2033 quarn
389 1950 443 2012 tibi
468 1956 601 2012 mentem
621 1950 721 2027 dedit,
742 1957 930 2017 constantem
949 1950 1154 2032 propositique
1174 1955 1311 2015 tcum
1331 1948 1376 2011 la·

226 2049 287 2126 xit,
310 2065 487 2128 semperque
507 2046 603 2126 magis
621 2065 675 2109 cor
693 2054 779 2109 tunm
799 2047 838 2109 ad
854 2047 956 2110 omnia
977 2045 1184 2128 persequenda
1202 2045 1377 2111 (nemim

227 2145 346 2208 uirtutis
361 2144 461 2207 otlicia
474 2144 585 2207 excitet
599 2151 688 2227 atque
702 2145 878 2207 inflammet.
899 2145 933 2207 ld
946 2144 1139 2226 potissimum
1155 2143 1270 2225 precati
1283 2161 1377 2207 aona
1454 2216 1457 2223 Α

227 2242 376 2304 ratissima
390 2258 510 2318 sumus,
530 2240 605 2303 dum
625 2240 840 2322 acceptabilem
852 2240 880 2302 ei
899 2241 1030 2305 bostiam
1050 2239 1241 2318 ottomanus,
1258 2239 1377 2321 ipun-

227 2356 287 2418 que
299 2338 330 2399 id
342 2356 461 2399 sacrum
474 2356 529 2418 pro
542 2345 664 2401 tuorum
674 2345 870 2419 pennatorum
880 2338 1061 2419 expiatione,
1072 2354 1190 2419 proque
1200 2336 1308 2400 aalma
1319 2343 1377 2401 tun

229 2434 336 2511 salute,
350 2453 386 2496 ac
399 2434 429 2495 in
445 2440 585 2515 suscepto
597 2435 724 2498 consilio
743 2434 905 2497 stabilitate
917 2434 1056 2513 lenaeus
1071 2440 1162 2516 atque
1178 2433 1377 2516 imposterum

229 2532 320 2592 etiam
335 2530 409 2592 dum
423 2531 597 2611 superstites
612 2531 735 2609 erimus,
755 2530 919 2593 aeriisnme
935 2530 1134 2607 decrevimus,
1155 2528 1271 2611 tibique
1289 2528 1378 2611 polli-

230 2643 334 2687 cemur
344 2643 494 2687 memores
504 2627 565 2688 Nos
575 2644 693 2707 semper
704 2626 748 2687 tui
758 2627 789 2688 in
800 2627 958 2690 incmerrto
966 2626 1137 2710 peragendo
1146 2627 1302 2690 nondun
1313 2646 1378 2695 w

231 2722 359 2785 lunens.
374 2723 502 2783 Omnem
523 2740 595 2785 sane
615 2723 675 2784 Nos
694 2722 835 2786 dabimus
852 2742 977 2806 operam
993 2731 1143 2806 quantum
1159 2726 1189 2788 in
1206 2726 1303 2790 Nobis
1312 2732 1377 2805 est,

230 2827 264 2882 ut
275 2819 406 2881 divinam
424 2818 478 2880 tibi
496 2827 675 2901 perpetuam
688 2837 793 2900 opem,
809 2838 846 2883 ac
860 2838 1003 2885 marsum
1017 2839 1137 2903 senper
1154 2822 1289 2886 subsidia
1306 2840 1377 2886 nnn

228 2916 260 2978 in
273 2915 687 2998 modnmcornparenrus.'l'u
699 2917 811 2981 veroid
824 2935 891 2998 age,
903 2922 993 2998 atque
1004 2917 1036 2979 in
1046 2935 1084 2979 eo
1099 2917 1250 2999 precipue
1262 2918 1377 2998 meista,

229 3019 369 3094 utquam
386 3011 461 3076 adeo
474 3013 641 3096 propitium
658 3014 805 3077 hactenus
820 3021 961 3096 expertus
981 3032 1025 3093 ee,
1046 3032 1165 3096 semper
1175 3014 1379 3095 ejusdembo·

229 3109 353 3181 nitatem
369 3128 441 3191 erga
453 3117 484 3172 te
500 3128 657 3191 provoces,
669 3111 794 3193 ejusque
807 3110 918 3174 fiducia
931 3109 1116 3173 sustenteris.
1132 3112 1209 3174 llam
1221 3117 1379 3192 nmquam

229 3206 458 3288 inexpugnabile
475 3214 595 3269 scutum
611 3208 761 3271 formidini
781 3208 840 3286 illi,
858 3227 926 3290 qun
939 3208 1074 3278 animum
1093 3213 1181 3270 tuum
1198 3207 1380 3271 infirmitatis

230 3303 385 3364 conscium
399 3302 532 3367 demittit
546 3304 697 3367 interdurn
709 3324 745 3368 ac
756 3305 920 3388 depremit,
933 3307 1076 3370 audacter
1089 3324 1243 3390 opponas
1252 3323 1378 3371 maesse

230 3403 293 3474 eet,
309 3403 398 3477 teque
419 3416 480 3459 non
495 3399 601 3478 jamin
619 3407 683 3479 tua,
697 3402 750 3463 sed
769 3403 800 3465 in
814 3403 921 3466 divinae
940 3405 1042 3485 gratie
1062 3404 1173 3469 virtute
1185 3404 1376 3471 confirmare.

231 3493 309 3556 Suus
321 3501 367 3556 est
380 3495 472 3558 etiam
486 3496 525 3558 ad
540 3497 668 3560 salutem
678 3499 780 3578 timor,
793 3519 829 3563 ac
843 3501 1008 3582 plurimum
1029 3501 1175 3564 deltam
1192 3502 1223 3566 in
1245 3522 1283 3567 ea
1301 3521 1375 3585 npe-

230 3590 324 3654 randa
339 3592 478 3656 humane
495 3601 608 3656 nature
626 3595 737 3659 viribus
762 3597 908 3661 diltldere.
927 3597 984 3660 Sed
1005 3599 1147 3680 preclaro
1164 3601 1380 3683 propositaest

230 3687 321 3751 Nobis
331 3691 514 3771 Angelorum
526 3691 556 3753 in
568 3693 695 3774 mystica
706 3694 756 3756 illa
770 3696 851 3757 scala
861 3695 956 3758 Jacob
971 3696 1195 3759 ascendentium
1208 3696 1381 3760 scm

230 3783 365 3846 dentium
379 3787 517 3851 imitatio.
535 3790 594 3870 Spe
612 3808 721 3871 nempe
734 3799 837 3854 nostra
850 3791 889 3853 ad
908 3794 1003 3853 Deum
1022 3792 1227 3871 ascendimus,
1239 3811 1276 3855 ac
1289 3811 1381 3875 supra

231 3881 292 3942 Nos
315 3881 395 3962 ipsos
417 3903 454 3946 ee
474 3887 635 3949 miserante
657 3907 693 3949 ac
714 3890 839 3968 juvante
863 3906 1009 3950 conamur
1030 3887 1265 3951 :descendimus
1289 3906 1379 3965 vcro,

230 3995 301 4040 cum
314 3978 354 4040 ad
367 3978 530 4043 humanam
545 3983 720 4066 respicimus
734 3984 980 4062 imbecillitatem,
995 3984 1128 4066 nihilque
1138 3983 1299 4047 conatibus
1312 4002 1382 4049 nos·

230 4076 284 4138 tris
297 4075 416 4138 efficere
432 4078 493 4138 Nos
514 4098 602 4159 posse
621 4080 823 4161 intelligimus.
836 4083 914 4145 Drnn
933 4080 972 4145 ad
993 4080 1133 4143 sublimia
1146 4080 1270 4149 terimur
1284 4081 1382 4144 inanis

231 4171 317 4233 facile
335 4179 433 4254 potest
448 4173 477 4234 in
496 4173 596 4237 animo
610 4176 755 4257 obrepere
771 4179 864 4240 nostri
881 4178 1075 4256 confidentia,
1097 4197 1159 4259 qna
1175 4176 1383 4242 existimemus

231 4268 291 4327 Nos
304 4269 414 4349 aliquid
427 4289 492 4333 esse
514 4291 584 4334 cum
605 4274 678 4334 nibil
693 4274 797 4351 simus,
816 4294 852 4337 ec
865 4275 946 4356 ipsos
960 4278 1021 4337 Nos
1035 4277 1226 4339 seducamus.
1244 4275 1290 4338 Ac
1315 4282 1382 4338 tum

231 4360 366 4440 prolecto
383 4365 513 4427 salutare
531 4366 716 4429 afferendum
731 4368 994 4451 adhibendamque
1010 4371 1125 4433 timoris
1136 4377 1181 4433 eet
1193 4369 1381 4449 remedium,

234 4477 268 4523 ac
283 4457 333 4525 illa
344 4467 457 4525 temere
475 4483 506 4526 se
521 4465 659 4529 attollens
672 4465 814 4544 cogitatio
828 4466 934 4547 inopie
948 4476 1055 4533 nostre
1067 4469 1311 4537 consideratione
1323 4466 1381 4531 de-
