3194 5354
302 464 305 471 “
384 479 567 535 errsrotn
586 478 630 532 nr
649 480 782 533 naevia
804 479 1036 534 succentoria.
1230 487 1281 535 ns

59 651 67 662 ,
138 585 260 646 tolicarn
271 583 512 645 benedictionem
525 582 713 644 fraternitati
727 590 784 644 tue
799 581 990 662 peramanter
1004 584 1201 664 impertimur.
1218 588 1281 645 flu-

136 695 200 749 tum
210 687 401 766 Romaapad
407 686 546 748 Sanctam
559 686 687 745 Monam
697 686 851 760 lfajorem,
860 685 912 746 sub
922 686 1223 754 AunntoPismtnrts,
1232 687 1281 745 ilie

141 797 174 845 16
187 782 350 844 decembris
364 794 449 858 tttt,
461 785 651 861 pioutijicctttt
665 786 762 842 nostri
780 799 860 842 anno
872 786 986 858 quinto.

579 1092 584 1103 ¹
627 1008 791 1078 cenum.

413 1164 585 1206 cunrssnio
600 1148 635 1206 in
649 1164 779 1207 caarsro
794 1164 880 1206 eiuro
896 1165 1015 1207 nosrao

243 1262 457 1321 STANISLAO
477 1262 658 1325 AUGUSTO
678 1261 856 1322 POLONIAE
876 1261 970 1320 REGI
991 1261 1170 1321 lLLUSTlll

443 1384 677 1462 CLEMENS
706 1386 833 1461 PAPA
861 1384 967 1460 XIV.

851 1537 948 1594 Rome,
964 1539 991 1582 tc
1004 1534 1137 1585 decembris
1150 1541 1216 1586 1773.

174 1641 347 1714 Cariniana,
362 1651 419 1704 etc.
434 1644 559 1704 Gratum
573 1642 664 1704 Nobis
685 1642 876 1703 vehementer
889 1640 945 1701 fuit
959 1647 1028 1720 post
1045 1640 1209 1703 extinctum
1230 1663 1278 1704 sc

133 1737 249 1801 datam
261 1741 333 1802 tesu
348 1739 484 1802 ordinem
500 1739 645 1820 plurimas
658 1739 724 1800 istic
734 1736 990 1819 quemadmodum
1004 1737 1035 1798 in
1049 1738 1161 1800 ceteris
1175 1741 1279 1802 catho
1402 1741 1406 1748 ’

51 1912 56 1920 ⁸
133 1834 198 1897 licis
206 1834 381 1915 ditionibus,
389 1836 508 1917 publice
517 1837 627 1918 suscipi
637 1835 894 1916 curasdeoptime
904 1834 1278 1915 supplenda,constituen-

132 1932 231 2014 daque
248 1933 544 2013 Polonreiuventutis
556 1934 740 1996 institutione
749 1931 933 2014 proindeque
953 1949 1062 1994 novem
1082 1939 1199 1995 creatos
1211 1953 1276 1996 esse

131 2045 248 2107 magne
262 2028 414 2108 dignitatis
425 2030 520 2107 viros,
536 2030 613 2093 inter
623 2049 701 2111 quos
711 2035 781 2092 sunt
794 2027 986 2090 venerabiles
997 2029 1116 2090 Fratres
1129 2029 1275 2092 Vilnensis

131 2134 162 2187 et
183 2127 332 2189 Ploeensis
344 2127 502 2209 Episcopi,
517 2127 626 2209 quibus
642 2127 852 2208 grandinum
865 2126 923 2188 boc
936 2125 1103 2187 litterarum
1121 2128 1275 2206 negotium
1305 2167 1309 2174 ·

129 2224 328 2287 commissum
339 2225 389 2287 sit.
406 2226 439 2288 ld
451 2243 521 2287 cunr
533 2245 552 2288 a
562 2233 591 2288 te
602 2226 768 2307 precipue,
783 2222 934 2286 carissime
942 2223 972 2284 in
983 2221 1099 2284 Christo
1111 2223 1151 2284 fili
1161 2233 1273 2300 noster,

129 2320 230 2402 dirigi,
247 2329 359 2404 tuaque
378 2323 460 2403 regia
474 2324 652 2385 auctoritate
670 2323 801 2385 maxime
812 2319 918 2382 confici
936 2318 1062 2395 debeat,
1079 2319 1134 2381 has
1156 2321 1192 2382 ed
1207 2324 1275 2384 Ma-

127 2420 267 2497 iestatem
276 2423 372 2482 Tuam
382 2421 495 2483 litteras
504 2421 578 2483 dare
588 2421 784 2497 decrevimus,
792 2418 902 2500 quibus
913 2417 967 2479 tibi
984 2415 1171 2481 declaremus
1181 2439 1274 2501 quan-

130 2526 194 2581 tum
210 2539 265 2601 pro
279 2521 420 2601 singulari
441 2521 582 2596 consilio,
599 2539 634 2581 ec
647 2517 792 2601 sapientia
813 2525 865 2577 tua
884 2514 1072 2577 confidamus
1084 2516 1166 2593 lore,
1188 2527 1221 2580 ut
1244 2520 1273 2580 id

130 2617 242 2698 optime
256 2618 406 2699 vigilantia
419 2626 472 2681 tua
487 2619 606 2700 tuisque
622 2618 760 2700 auspiciis
780 2617 990 2677 constituatur.
1005 2614 1091 2689 Quod
1109 2618 1274 2681 certissima
1397 2685 1400 2689 ,

130 2721 187 2776 tue
207 2716 325 2778 virtutis
338 2718 479 2799 opinione
493 2718 606 2781 inducti
618 2717 760 2793 facimus,
775 2716 829 2777 tibi
845 2715 926 2777 enim
942 2715 1071 2777 manime
1084 2724 1153 2779 ante
1169 2723 1272 2784 oculos

129 2812 319 2875 obversatum
333 2816 369 2877 iri
390 2817 582 2892 arbitramur,
604 2822 751 2896 quantum
766 2833 803 2875 ex
825 2814 882 2876 hac
903 2833 978 2876 cura
991 2823 1044 2876 tua
1064 2835 1134 2878 curn
1150 2821 1271 2899 religio,

129 2915 194 2972 trun
203 2911 372 2991 respublica
383 2912 527 2991 prolicere
538 2911 643 2991 possit,
661 2919 694 2972 ut
706 2911 818 2972 scilicet
831 2918 862 2970 et
872 2909 937 2970 lucc
949 2912 1146 2973 ornatissimis
1158 2916 1272 2980 civibus

127 3013 159 3067 et
171 3005 406 3067 instructissimis
423 3005 473 3066 illa
487 3005 679 3066 ecclesiastici
701 3003 813 3065 ordinis
827 3004 970 3064 ministris
983 3005 1146 3081 redundet,
1161 3027 1196 3068 ac
1214 3011 1272 3071 tlo-

127 3109 204 3164 reat.
220 3102 267 3164 ub
280 3102 487 3182 egregiaenim
500 3119 624 3177 eorum,
639 3101 690 3180 qui
713 3105 822 3160 nostre
835 3099 916 3160 aeteti
933 3109 1139 3177 succrescunt,
1158 3102 1272 3167 educa-

128 3201 209 3262 tione
219 3198 335 3281 sperari
344 3198 555 3261 tantummodo
564 3197 774 3278 expectarique
787 3196 982 3275 imposterum
992 3195 1102 3258 debent
1115 3198 1271 3262 uberrime

125 3292 301 3375 eximieque
316 3301 349 3355 et
361 3294 393 3356 in
405 3312 492 3356 sacra
505 3294 577 3356 etin
595 3293 673 3355 civili
692 3292 835 3355 societate
849 3291 1001 3352 utilitates.
1020 3292 1105 3367 Quod
1123 3297 1270 3379 cumipse

125 3391 266 3473 praedare
279 3411 334 3472 pro
346 3400 401 3455 tna
413 3392 575 3472 prudentia
596 3391 759 3471 intelligas,
773 3388 988 3451 connitendum
1000 3389 1054 3451 tibi
1068 3409 1149 3456 nunc
1159 3402 1224 3473 est,
1237 3407 1270 3459 ut

125 3506 162 3551 ea
171 3489 507 3567 juveumtiseducandae
521 3490 733 3567 ineaturratio,
747 3507 815 3570 quse
824 3486 957 3569 optimis,
970 3494 1061 3571 atque
1073 3490 1269 3572 integerrimis

125 3595 270 3668 perpetrm
291 3596 429 3651 condere
452 3588 561 3670 possit,
586 3594 617 3649 et
639 3587 784 3649 doctrinis
803 3591 833 3647 et
858 3584 1022 3666 magistris,
1045 3595 1134 3667 atque
1157 3589 1269 3652 idcirco

116 3683 198 3746 'idird
211 3685 267 3747 tibi
285 3688 474 3769 potissimum
488 3685 734 3768 prospiciendum
747 3684 820 3763 erit,
835 3689 948 3765 utque
965 3684 1122 3747 facultates
1139 3687 1177 3748 ad
1198 3689 1269 3750 reli-

123 3781 220 3859 gionis
231 3784 375 3865 dogmata
388 3804 425 3848 ao
441 3784 630 3867 disciplinam
642 3786 825 3861 referantur,
843 3801 929 3845 sacra
943 3782 1085 3844 nimirum
1099 3784 1266 3867 theologia,

123 3886 153 3939 et
162 3882 340 3944 canonicum
351 3885 401 3962 jus
415 3883 552 3947 Ecclesia
566 3883 737 3947 auctoritati
752 3882 879 3946 subsint.
890 3885 986 3957 Quam
998 3882 1120 3963 quidem
1134 3887 1268 3946 auctori-

123 3982 215 4037 tatem
224 3995 245 4037 a
257 3978 411 4057 Maiestate
424 3982 488 4042 Tua
499 3983 647 4062 protegio
658 3999 783 4044 munere
792 3999 911 4045 necesse
922 3990 984 4055 est,
997 3982 1079 4045 omni
1092 4001 1160 4063 ope,
1176 4003 1267 4064 opera

121 4080 152 4133 et
162 4082 273 4136 conatu
285 4075 315 4135 in
329 4078 482 4158 republica
491 4080 614 4143 retineri
635 4100 670 4143 ac
683 4080 814 4144 defendi.
831 4083 940 4143 Praeter
953 4081 1111 4144 facultates
1125 4081 1179 4143 has
1191 4081 1266 4145 duas

119 4176 222 4232 cetera
231 4171 324 4233 etiam
339 4190 391 4234 seu
410 4174 550 4253 privatis,
565 4195 619 4240 seu
633 4178 761 4258 publicis
776 4177 808 4241 ln
823 4177 932 4241 scholis
941 4179 1039 4241 studia
1050 4178 1186 4256 subjecta
1200 4197 1265 4242 csse

121 4266 338 4348 ipiscoporum
349 4287 429 4334 crire
438 4271 596 4336 debentiis
607 4276 748 4339 omnibus
767 4276 799 4338 in
818 4277 908 4339 rebus
914 4321 923 4353 ,
935 4295 1002 4356 que
1021 4275 1059 4336 ad
1070 4274 1263 4355 religionem,

120 4372 279 4444 mammae
292 4367 460 4447 pannem,
474 4387 571 4450 neque
584 4373 729 4452 magistro
742 4373 884 4453 cuipam
901 4372 1028 4434 docendi
1040 4379 1172 4453 potestas
1182 4374 1261 4452 fieri,

118 4463 191 4543 quin
206 4465 289 4544 prins
309 4464 378 4528 fidei
399 4467 616 4547 professionem
639 4469 669 4532 in
685 4487 795 4532 manus
809 4467 950 4531 ordinarii
968 4469 1013 4530 sui
1032 4469 1178 4549 emiserit,
1195 4491 1262 4552 quae

1111 4582 1152 4632 ta.
