3194 5354
218 473 269 523 aad
649 463 851 517 CLEMENTlS
870 461 957 517 XlV*

217 570 353 634 tituendo
373 569 519 631 Prioratui
538 568 686 648 simulque
704 569 817 649 aliquot
830 567 1015 629 commendis
1032 567 1193 629 Ordinibus
1212 570 1366 648 Equestris

218 668 399 744 Melitensis,
415 686 450 728 ac
464 666 612 745 erigendae
625 667 676 727 nni
695 666 741 727 vel
757 666 876 727 duabus
890 665 1070 727 laminarum
1091 665 1253 727 illustrium
1272 684 1368 728 cano-

177 845 181 850 ,
219 766 275 828 niis
296 766 376 827 bona
394 772 425 825 et
445 764 559 826 reditus
576 764 790 826 nonnullorum
804 763 1058 824 monasteriorum
1071 767 1130 823 tua
1146 762 1291 838 ditionis,
1306 764 1369 824 Ere

219 864 316 926 clesiae
330 871 360 925 et
374 863 543 944 reipublice
556 864 667 938 minus,
680 869 713 922 nt
727 862 843 938 scribis,
859 861 990 936 utilium,
1004 859 1146 939 assignari
1163 859 1369 941 applicariqne

221 961 394 1043 apostolice
409 961 566 1041 potestatis
583 958 766 1040 plenitudine
790 957 1033 1020 concederemus.
1053 960 1125 1032 Quae
1144 958 1296 1038 postulata
1317 967 1371 1020 tun

220 1059 345 1122 minime
356 1058 507 1137 ambigere
521 1058 631 1133 debes,
645 1057 718 1138 quin
732 1062 903 1138 prorostra
916 1055 948 1116 in
962 1061 991 1116 te
1005 1054 1147 1134 singulari
1161 1055 1288 1116 caritate
1303 1062 1372 1116 stn-

220 1158 391 1220 diosissimo
411 1155 514 1218 animo
537 1154 764 1234 exceperimus,
787 1151 876 1232 idque
894 1151 1025 1213 maxime
1044 1157 1270 1232 exoptaremus,
1288 1161 1322 1213 nt
1341 1154 1371 1214 in

221 1254 394 1325 bisetium,
409 1251 665 1333 quemadmodum
681 1256 768 1314 antea
781 1270 859 1332 saepe
873 1251 1000 1312 fecimus
1008 1296 1016 1327 ,
1029 1251 1214 1313 voluntatem
1226 1250 1281 1312 tibi
1296 1268 1373 1312 nos-

221 1359 302 1412 tram
324 1348 558 1412 cumulatissime
577 1347 775 1429 comprobare
792 1366 962 1429 possemus.
982 1350 1095 1410 Verum
1119 1347 1158 1408 ad
1178 1347 1372 1426 gravissimas

223 1468 271 1511 res
282 1448 494 1530 expendendas
509 1446 771 1527 deremendasque
782 1446 887 1526 judicii
901 1464 1021 1527 quoque
1032 1446 1231 1526 gravitatem,
1247 1465 1283 1507 ac
1302 1466 1373 1508 ma-

223 1549 378 1610 turitatem
402 1547 502 1609 afferri
517 1554 658 1628 oportere
678 1547 741 1628 ipse
762 1565 819 1627 pro
832 1553 885 1608 tna
900 1545 1059 1627 prudentia
1078 1563 1138 1606 non
1154 1544 1285 1623 ignoras.
1308 1547 1373 1606 Hac

222 1645 348 1726 proinde
369 1664 461 1707 cansa
485 1645 515 1706 in
537 1645 697 1725 postremis
720 1643 825 1705 litteris
849 1644 909 1704 tuis
928 1641 1099 1722 singillatim
1119 1640 1372 1703 monasteriorum

223 1745 342 1806 illorum
356 1751 468 1805 statum
488 1744 703 1826 enucleateque
717 1742 887 1805 describere
900 1741 992 1803 Nobis
1005 1739 1142 1817 voluisti,
1158 1738 1278 1819 nequid
1291 1747 1373 1800 esset

224 1843 253 1904 in
264 1862 326 1922 quo
337 1841 545 1922 cognoscendo
557 1841 775 1922 statuendoque
785 1841 976 1902 haereremus.
988 1838 1047 1900 Sed
1057 1837 1167 1914 adhuc,
1179 1837 1373 1899 dilectissime

224 1941 253 2001 in
268 1940 384 2002 Christo
394 1939 434 2000 lili
445 1946 557 2015 noster,
571 1945 732 2020 supersunt
741 1937 790 1998 bic
799 1937 949 2017 quaedam,
963 1934 1141 2014 aNobisque
1151 1933 1372 2010 desiderantur,

218 2027 261 2098 'ne
286 2038 360 2118 qnid
374 2038 404 2098 in
423 2037 481 2098 boc
492 2037 606 2116 iudicio
619 2043 732 2098 temere
746 2034 971 2114 incensulteqne
985 2032 1088 2094 secisse
1104 2031 1271 2093 videamur.
1287 2033 1374 2107 Quod

224 2143 257 2196 ut
271 2135 323 2196 tibi
341 2135 497 2216 perspicue
511 2134 607 2213 magis
618 2134 815 2214 explicemus,
827 2151 844 2193 a
855 2131 943 2192 tertio
957 2137 1016 2191 tua
1029 2130 1093 2208 ejus
1104 2129 1312 2211 descriptionis
1325 2150 1374 2192 ca-

223 2234 285 2312 pite
297 2233 444 2295 sumimus
458 2231 647 2312 exemplum,
668 2232 697 2292 in
717 2250 779 2311 quo
798 2229 836 2292 de
857 2228 1040 2291 monasterio
1059 2228 1172 2290 ordinis
1191 2231 1222 2290 S.
1243 2230 1374 2311 Brigittae

224 2349 316 2409 agens
329 2348 366 2391 eo
380 2329 534 2390 devenisse
545 2346 610 2389 rem
621 2328 743 2404 scribla,
755 2335 788 2389 ut
797 2334 828 2389 et
839 2327 981 2388 ordinarii
993 2333 1023 2387 et
1032 2326 1178 2408 Principis
1187 2328 1375 2391 territorialis

224 2445 374 2489 consensu
384 2427 519 2504 ejusdem
531 2445 549 2487 a
562 2425 654 2486 Nobis
663 2426 806 2487 extinctio
818 2425 961 2506 postulari
974 2424 1121 2487 debuerit.
1136 2426 1211 2488 lllnd
1223 2427 1313 2508 igitur
1324 2448 1375 2490 su·

223 2542 341 2604 peresse
352 2524 439 2585 facile
453 2542 534 2585 nunc
547 2524 645 2601 videa,
664 2532 697 2585 nt
713 2532 840 2605 utraque
851 2543 921 2586 cum
932 2523 1081 2602 Ecclesia,
1097 2531 1163 2586 tum
1177 2525 1252 2588 laica
1265 2535 1371 2607 potes-

223 2627 269 2681 tas
291 2638 352 2681 non
376 2621 473 2681 solnm
496 2620 524 2681 in
541 2622 606 2698 ejus
627 2621 745 2682 Ordinis
768 2622 981 2684 extinctionem
1006 2641 1023 2683 a
1046 2622 1140 2683 Nobis
1160 2623 1371 2703 postulandam

221 2717 309 2796 justis
322 2716 469 2778 decausis
480 2718 667 2790 consentiat,
683 2719 736 2780 sed
749 2718 873 2780 modurn
886 2719 994 2796 etiam,
1009 2720 1216 2800 rationemque
1228 2719 1371 2800 reperiat,

223 2814 393 2895 queminus
405 2813 594 2876 incommode
604 2813 750 2895 quidquid
761 2814 1139 2894 exequendumvidebitnr,
1149 2814 1371 2897 peragivaleat.

223 2911 346 2974 Arabis
361 2913 477 2992 itaque,
487 2913 539 2992 qui
551 2912 580 2972 in
593 2912 728 2993 prasenti
743 2931 775 2973 re
789 2913 875 2989 estis,
892 2912 1065 2993 explorandi
1080 2913 1178 2994 primo
1188 2920 1257 2976 sunt
1272 2933 1374 2979 mores

223 3011 452 3090 voluntatesque
466 3008 544 3070 illins
561 3009 679 3071 Ordinis
695 3009 829 3071 virorum
846 3027 882 3071 ec
902 3010 1077 3086 mulierum,
1093 3017 1123 3071 ct
1139 3010 1169 3071 in
1187 3013 1271 3091 quod
1291 3013 1374 3076 aliud

222 3107 328 3186 singuli
342 3107 389 3168 vel
400 3107 521 3186 singula
533 3107 748 3168 monasterium
762 3125 817 3187 pro
828 3107 975 3185 cujusque
994 3107 1164 3167 animorum
1179 3107 1374 3172 inclinatione

223 3203 438 3279 transterendi,
455 3205 501 3265 vel
514 3203 728 3266 transferendae
743 3204 817 3280 sint,
828 3204 1070 3283 cognoscendum
1090 3227 1096 3264 :
1121 3211 1187 3266 tum
1203 3225 1264 3286 quo
1283 3225 1374 3268 com-

223 3303 352 3380 migrare
370 3301 479 3381 cuique
501 3301 639 3377 libuerit,
657 3302 839 3378 videndum,
855 3308 888 3362 ut
904 3302 1084 3363 benevolum
1108 3302 1166 3364 illic
1185 3309 1371 3384 receptorem

224 3398 353 3473 babeat,
368 3415 406 3457 ne
416 3416 477 3477 qua
490 3397 603 3458 scilicet
613 3416 650 3458 ex
663 3399 857 3461 habitationis
873 3405 904 3460 et
916 3400 1057 3461 consortii
1068 3400 1199 3462 novitate
1216 3401 1263 3462 rel
1283 3400 1372 3462 insti-

224 3496 279 3557 tuti
294 3495 437 3557 varietate
451 3495 649 3575 perturbatio,
664 3514 700 3556 ac
714 3496 839 3557 ollensio
853 3497 978 3574 oriatur,
995 3504 1025 3559 et
1038 3515 1074 3559 ex
1086 3516 1147 3559 uno
1162 3499 1192 3559 in
1202 3498 1287 3578 plura
1297 3516 1370 3561 mo-

222 3593 352 3655 nasteria
365 3591 563 3655 dissensiones
575 3600 788 3672 propagentur.
802 3595 873 3655 Haec
888 3600 977 3674 atque
990 3594 1163 3672 huiusmodi
1175 3593 1287 3672 cetera,
1299 3615 1369 3676 quaa

156 3699 163 3705 “
223 3690 261 3751 ad
279 3691 357 3751 banc
375 3709 439 3752 rem
455 3690 510 3750 rite
529 3689 746 3751 conficiendam
767 3691 932 3771 pertinent,
948 3710 1018 3754 cnm
1032 3691 1246 3773 cognoveritiS,
1262 3712 1372 3757 acuon

223 3790 320 3850 solnm
333 3789 362 3849 in
379 3790 420 3849 rei
433 3789 621 3868 equitatem,
637 3788 689 3849 sed
706 3788 863 3852 incertam
881 3790 973 3853 etiam
985 3791 1121 3868 ejusdem
1133 3790 1312 3873 peragenda
1325 3813 1374 3855 ra-

223 3894 336 3947 tionem
355 3883 580 3961 consenseritis,
598 3891 663 3945 tum
681 3885 783 3948 omnia
802 3886 840 3948 ad
860 3889 920 3950 Nos
942 3887 1131 3967 singillatim,
1154 3888 1372 3972 perspicueque

222 3980 440 4045 conscribenda
452 3987 559 4057 erunt,
573 3987 607 4041 ut
622 3981 659 4042 iis
677 3984 858 4064 perspectis,
877 3984 915 4045 ad
930 3985 1020 4062 illud,
1034 3985 1116 4065 qnod
1127 3985 1278 4067 optimum
1291 3986 1373 4047 vide·

222 4081 303 4143 bitur
322 4078 480 4142 consilium
500 4077 679 4139 descendere
694 4079 856 4142 valeamus.
873 4082 1007 4144 Tertium
1021 4083 1079 4143 hoc
1091 4089 1151 4144 tuae
1163 4081 1373 4162 descriptionis

222 4186 313 4257 caput
333 4198 389 4259 pro
411 4175 549 4255 exemplo
571 4173 759 4249 induximus,
777 4184 810 4238 ut
826 4177 897 4258 qnid
911 4178 1002 4240 etiam
1019 4179 1049 4240 in
1071 4179 1136 4241 aliis
1149 4179 1372 4260 postulatorum

223 4281 345 4336 tuorum
365 4276 514 4357 capitibus
524 4272 729 4355 prestandum
743 4275 819 4337 istuc
835 4284 894 4337 ate
903 4323 911 4355 ,
930 4295 965 4338 ac
979 4277 1036 4337 loci
1056 4278 1203 4356 cariusque
1218 4275 1372 4338 ordinario

223 4371 277 4444 sit,
293 4371 330 4431 ad
345 4373 464 4452 Nosque
489 4372 751 4435 transmittendum
773 4374 929 4453 intelligas.
946 4373 1021 4438 lllud
1035 4373 1159 4433 demum
1173 4372 1322 4451 majorem
1342 4372 1371 4434 iu

223 4468 346 4530 mudum
358 4513 365 4540 ,
379 4469 567 4532 dilectissime
580 4472 608 4532 in
627 4471 744 4531 Christo
754 4470 794 4531 fili
809 4479 920 4548 noster,
937 4490 953 4532 a
969 4480 997 4532 te
1010 4471 1151 4551 petimus,
1166 4477 1200 4530 nt
1210 4469 1264 4531 tibi
1279 4470 1381 4531 etiam
