3194 5354
315 518 365 570 ¹9ss
741 515 944 569 cttittl‘Mls
962 515 1027 568 xlv

311 621 402 681 etiam
418 627 470 681 tuo
483 621 546 680 reio
557 619 753 699 doctrinaque
765 619 881 680 iaceres
893 637 931 680 ea
944 620 1059 695 munia,
1069 619 1179 700 quibus
1191 618 1260 679 tidei
1276 637 1460 703 merumque

311 718 484 797 integritas,
500 717 640 779 Ecclesia
659 717 777 794 unitas,
791 735 828 778 ee
846 717 937 796 bujus
946 718 1030 780 Beati
1047 717 1127 778 Petri
1139 717 1289 779 cathedre
1306 720 1462 802 jussitque

311 815 474 877 auotoritas
488 815 644 877 retinetur.
661 816 736 876 lllud
747 833 818 877 vero
830 814 931 877 divino
947 815 1037 896 plane
1047 815 1143 877 ductu
1152 814 1268 878 lactina
1279 835 1346 879 osse
1365 820 1464 899 perei-

309 913 421 994 pimus,
435 919 469 974 ut
480 931 558 994 opus
570 920 657 975 tuum
671 912 709 974 de
724 913 794 974 Ritu
807 913 934 975 Gothico
948 913 979 974 in
990 913 1169 994 obsequium
1180 914 1345 998 conficeres
1357 917 1464 978 Eccle-

309 1013 360 1073 siae
370 1012 537 1090 Toletanae3
557 1013 622 1090 ejus
633 1011 716 1073 enim
728 1030 799 1073 eum
814 1020 902 1074 antea
922 1013 999 1075 inter
1023 1014 1162 1076 alumnos
1175 1013 1346 1096 adscriptus
1358 1035 1460 1087 esses,

307 1110 434 1190 jamjam
447 1110 526 1172 inter
537 1111 678 1191 presules
690 1110 896 1173 numerandus
909 1110 985 1186 cris,
1000 1110 1159 1190 eidemque
1171 1157 1180 1189 ,
1192 1112 1241 1174 cui
1252 1119 1372 1175 tantum
1391 1123 1463 1177 stu-

308 1208 377 1287 des,
392 1209 534 1291 pastorali
554 1209 719 1289 vigilantia,
738 1209 1043 1290 sollicitudinemque
1060 1227 1171 1290 opera,
1185 1210 1377 1290 prelaturas.

348 1308 392 1369 De
404 1308 463 1368 boc
474 1307 596 1388 quidem
606 1308 667 1368 Nos
678 1325 871 1389 summopere
888 1309 1036 1384 letemur,
1051 1326 1122 1368 eum
1133 1307 1296 1388 plurimam
1303 1308 1343 1371 de
1352 1316 1385 1385 te
1394 1311 1462 1388 jam

308 1403 426 1484 pridem
448 1411 622 1485 perceptam
647 1405 918 1486 confirmatamque
938 1404 1112 1487 opinionem
1133 1412 1269 1467 nostram
1291 1406 1329 1467 iis
1347 1406 1461 1482 etiam,

307 1518 374 1581 quie
386 1518 483 1582 nuper
500 1500 708 1578 transmisisti,
726 1507 784 1562 tue
797 1501 941 1564 doctrine
957 1502 1162 1565 monumentis
1176 1502 1369 1565 vehementer
1381 1522 1462 1567 eue-

308 1606 371 1658 tam
388 1616 455 1659 esse
470 1598 637 1660 videamus.
662 1598 911 1680 deceptissimum
929 1599 1030 1678 itaque
1041 1599 1136 1660 Nobis
1149 1598 1206 1660 luit
1221 1617 1257 1661 ae
1271 1598 1462 1676 jucundissi-

307 1714 403 1773 mum,
415 1695 601 1758 Venerabilis
614 1697 728 1773 Frater,
742 1714 854 1758 munus
864 1696 925 1758 hoc
935 1702 1025 1758 tuum
1040 1702 1186 1776 tantoque
1200 1696 1329 1774 majores
1339 1694 1460 1757 idcireo

307 1792 362 1853 tibi
373 1793 485 1872 gratias
498 1791 662 1867 babemus,
683 1793 907 1873 quantomagis
921 1810 981 1853 una
989 1792 1135 1872 conjungi
1152 1791 1388 1854 luculentissima
1401 1799 1460 1853 tua

306 1908 377 1969 erga
392 1891 454 1952 Nos
466 1909 502 1951 ac
521 1892 663 1952 Sanctam
680 1891 759 1952 bane
767 1891 875 1952 &dem
891 1891 1011 1973 pietatis
1017 1936 1026 1969 ,
1038 1891 1235 1954 observantie
1245 1896 1278 1953 et
1287 1889 1458 1952 mvobonis

308 1988 408 2050 olllcia
433 1988 636 2069 intelligimus.
660 1991 841 2051 Precianum
866 1988 905 2050 ad
931 1998 1032 2051 cetera
1056 1990 1166 2052 merita
1189 1996 1244 2051 tue
1267 1988 1349 2051 huno
1370 1986 1460 2050 aridis

307 2087 474 2164 cumulum,
489 2086 675 2148 Venerabilis
688 2088 810 2162 Frater,
822 2085 1064 2167 singularemque
1076 2096 1189 2166 ergate
1201 2085 1360 2149 caritatem
1382 2103 1461 2148 nos-

307 2193 385 2247 tram
397 2204 467 2248 eam
480 2186 509 2247 in
528 2184 654 2246 modum
665 2185 844 2261 inflammas,
857 2191 909 2261 ut,
924 2192 955 2246 et
965 2186 1193 2247 amatissimum
1203 2192 1233 2246 te
1250 2202 1318 2246 esse
1327 2183 1456 2247 minace

305 2283 510 2363 gaudeamus,
531 2291 562 2346 et
581 2285 764 2345 amatiorem
787 2284 893 2345 indies
909 2284 975 2346 lieri
996 2285 1189 2347 vehementer
1213 2290 1366 2364 optemus.
1389 2281 1457 2345 Tibi

307 2379 397 2458 igitur
415 2380 488 2442 illud
504 2381 636 2441 maxime
655 2379 803 2461 persuade
820 2389 851 2442 et
864 2400 1061 2445 summaesse
1081 2388 1183 2443 nostra
1199 2399 1272 2460 erga
1287 2385 1318 2440 te
1338 2379 1457 2460 paterni

308 2477 419 2538 amoris
431 2476 547 2554 studia,
570 2482 601 2537 et
616 2494 722 2556 parem
735 2477 789 2538 tibi
802 2477 991 2540 Pontifieiam
1000 2496 1124 2559 operam
1145 2483 1235 2556 atque
1245 2475 1459 2538 auctoritatem

306 2580 413 2653 presto
426 2593 491 2635 esse
502 2590 620 2654 semper
640 2573 784 2635 laturam.
798 2577 876 2636 llam
889 2575 952 2637 haec
968 2576 1008 2637 ad
1021 2585 1052 2638 te
1072 2575 1254 2649 scribimus,
1269 2572 1456 2637 Venerabilis

308 2673 422 2747 Frater,
446 2670 533 2731 nobis
552 2670 583 2729 in
601 2676 733 2730 mentem
756 2670 839 2731 venit
851 2669 899 2731 die
919 2672 1002 2732 XXV
1012 2672 1154 2734 februarii
1165 2671 1256 2750 liuius
1267 2670 1339 2733 anni
1353 2669 1457 2733 datatn

305 2766 359 2828 tibi
372 2786 428 2848 per
438 2766 518 2827 banc
529 2766 791 2847 congregationem
800 2768 922 2829 concilii
936 2770 1105 2832 Tridentini
1119 2770 1315 2849 interpretem
1337 2767 1460 2831 allobis

304 2864 396 2928 inisse
416 2864 590 2927 inemtatem
602 2863 797 2927 transterendi
820 2866 982 2946 aregulari
1004 2867 1042 2929 ad
1058 2868 1225 2928 secularem
1248 2865 1317 2927 vite
1332 2873 1456 2941 sutum,

303 2963 448 3026 dilectum
463 2963 560 3025 illium
573 2960 755 3025 loacbinum
776 2963 976 3026 Sanctissimae
988 2964 1142 3026 Trinitatis
1164 2962 1279 3026 ordinis
1289 2963 1457 3027 Betlrmi-

304 3062 354 3123 tiei
370 3061 553 3142 professum,
572 3059 772 3141 eumdemque
793 3060 832 3122 ad
844 3081 946 3125 saeros
959 3063 1079 3124 ordines
1095 3081 1190 3142 nsque
1203 3060 1242 3124 ad
1254 3061 1457 3125 sacerdotium

304 3159 449 3220 inclusive
472 3157 681 3238 promovendi.
704 3161 816 3220 Graves
835 3160 896 3221 Nos
913 3160 1094 3222 induxerunt
1116 3178 1213 3223 cause
1233 3167 1320 3222 ntea
1340 3161 1457 3222 ratione

305 3256 361 3335 ipsi
385 3256 494 3316 dilecto
518 3256 580 3315 lilio
600 3256 771 3317 consultum
787 3274 852 3318 esse
874 3257 1028 3318 vellemus.
1058 3256 1188 3319 Proinde
1207 3275 1278 3319 eum
1299 3255 1350 3317 tibi
1371 3273 1455 3317 nune

302 3353 494 3414 vehementer
514 3344 783 3430 commendamus,
803 3353 996 3436 plurimoque
1029 3375 1047 3417 a
1071 3364 1101 3418 te
1120 3355 1221 3419 studio
1244 3353 1392 3437 passmus,
1418 3363 1455 3414 nt

300 3452 450 3532 ejtrsmodi
470 3452 550 3514 illius
565 3453 731 3533 postulata,
747 3469 898 3533 propenso
910 3452 1041 3535 excipias
1059 3454 1181 3531 animo,
1200 3461 1311 3516 etcum
1327 3457 1457 3533 aposto-

301 3551 361 3615 liea
375 3551 555 3616 auctoritate
572 3558 732 3630 paternam
748 3548 840 3609 etiam
854 3566 926 3628 erga
937 3549 1037 3632 ipsum
1057 3551 1202 3631 pictatem
1220 3558 1357 3613 nosbam
1371 3547 1404 3610 in
1423 3556 1456 3610 te

300 3668 366 3712 osse
378 3651 554 3713 translatam
563 3655 661 3729 putes.
675 3644 884 3709 Gratissimum
898 3645 998 3727 itaque
1011 3644 1104 3709 Nobis
1117 3645 1238 3723 leceris,
1253 3646 1279 3708 si
1294 3652 1325 3707 et
1338 3644 1390 3707 illa
1400 3662 1456 3724 per

300 3749 362 3810 Nos
378 3748 431 3810 tlbi
446 3748 524 3810 lacta
537 3752 686 3828 potestate
700 3742 827 3805 libenter
840 3743 884 3804 uti
896 3741 1045 3821 volueris,
1061 3748 1094 3804 et
1110 3741 1338 3805 luculentiorem
1360 3739 1454 3802 etiam

301 3854 410 3909 nostrae
423 3846 514 3924 huius
526 3841 795 3907 commendationis
809 3859 901 3902 eausa
912 3840 943 3902 in
955 3840 1056 3921 ipsum
1072 3839 1287 3921 benignitatem
1300 3845 1386 3900 tuam
1401 3836 1455 3898 de-

299 3943 469 4008 claraveris.
486 3947 530 4006 Ac
545 3944 574 4004 in
588 3943 723 4024 plurimae
737 3947 847 4006 nostre
860 3939 1022 4001 uoluntatis
1033 3938 1141 4019 pignus
1152 3937 1350 4019 apostolicam
1363 3935 1456 3998 bete·

300 4044 463 4108 dictionem
475 4032 551 4118 tibi,
573 4040 757 4103 Venerabilis
778 4042 897 4115 Frater,
921 4044 1039 4120 tueque
1063 4038 1133 4100 lidei
1154 4036 1320 4100 commisso
1338 4033 1455 4116 populo

300 4150 492 4224 peramanter
500 4137 701 4222 impertimur.
719 4142 828 4202 mtam
845 4139 961 4209 Rotae,
978 4143 1052 4217 etc,
1066 4139 1116 4200 die
1135 4134 1345 4200 reuocatus
1361 4144 1454 4209 1171,
1576 4192 1584 4209 ,

302 4247 491 4323 pontificatus
502 4244 598 4303 nostra?
612 4258 689 4300 ceno
702 4245 800 4301 tertio.
