3194 5354
528 506 751 560 Documufvra
771 506 893 559 VARiA.

643 707 775 778 ccclv.

348 873 605 936 asservientes
622 872 1070 934 THEOLOGlssO-JURIDICAE.

144 1030 182 1079 lix
195 1027 356 1081 Tractatitius
372 1027 404 1078 de
416 1027 492 1088 lure,
507 1024 611 1078 lustitia
625 1026 651 1076 et
662 1024 785 1089 Legibus,
798 1039 864 1090 quas
875 1024 908 1075 ad
922 1023 1044 1088 majorem
1057 1021 1103 1074 Dei
1119 1021 1225 1088 gloriam
1237 1036 1282 1088 po-

172 1110 224 1161 suit
235 1113 260 1161 et
271 1109 381 1162 frende
392 1109 491 1175 ignatio
502 1109 620 1174 llartung
630 1110 674 1161 SS.
685 1107 826 1174 Theologias
834 1108 942 1160 Doctore
952 1107 1119 1173 ejusdemque
1136 1105 1163 1157 in
1181 1106 1248 1158 alma
1259 1107 1285 1158 et

172 1193 350 1260 antiquissima
362 1194 486 1247 electorali
499 1194 615 1246 Palatina
632 1193 802 1245 Universitate
813 1191 1017 1256 Heidelbergensi
1028 1192 1171 1256 professore
1183 1190 1285 1257 publico

172 1279 198 1328 et
210 1277 354 1340 ordinarie,
367 1292 439 1330 sacro
452 1277 579 1330 facultatis
591 1292 623 1329 ex
633 1279 707 1343 parte
718 1275 906 1327 catholicorum
918 1276 943 1326 h.
956 1277 976 1326 t.
988 1276 1104 1337 Decan0;

92 1376 96 1383 '
141 1371 190 1423 Pr0
200 1370 397 1424 Barsalauruatu
407 1373 586 1439 consequendo
603 1372 704 1438 publice
723 1371 897 1438 propugnabit
909 1369 1060 1423 Franciscus
1071 1370 1197 1422 xaverius
1215 1371 1284 1425 Simo

172 1454 404 1520 wirceburgensis,
418 1456 576 1510 serenissimi
592 1471 622 1508 ao
638 1455 808 1510 Potentissimi
825 1453 946 1507 Electoris
966 1454 1075 1506 Palatini
1093 1455 1214 1507 'titularis
1231 1456 1285 1508 Cle

171 1539 256 1603 ricus;
269 1540 440 1606 Heidelbergae
449 1541 476 1592 in
488 1541 546 1593 aula
559 1542 707 1594 academica
716 1541 781 1594 Novi
794 1540 978 1602 wilhelmiani,
990 1538 1031 1591 die
1043 1547 1075 1591 aa
1086 1540 1191 1605 augusti
1207 1545 1278 1592 1774.

172 1623 246 1675 lieris
264 1627 324 1676 ante
342 1624 471 1676 meridiem
483 1624 620 1676 consuetis.
633 1624 716 1676 Finita
727 1622 900 1689 disputatione
912 1623 1123 1674 Barsalaureatus
1139 1623 1279 1675 confertur.

172 1706 249 1771 lypis
259 1706 366 1759 ioannis
374 1706 461 1759 iacobi
473 1706 566 1757 llaener
577 1705 738 1771 Tppograplri
748 1704 991 1757 aulico-academici.

415 1847 493 1926 §ill
508 1849 562 1908 lus
577 1847 822 1907 Ecclesimlicum
836 1847 1001 1926 publicum.

107 1986 115 2002 '
180 2008 207 2055 ι.
231 1997 325 2056 Datur
341 1994 371 2054 iu
391 1993 523 2055 Ecclesia
546 1993 653 2055 Christi
677 1999 809 2072 potestas
824 2011 894 2053 vera
914 2001 978 2054 tam
992 1996 1170 2075 praeeptiva
1190 2014 1282 2076 quam

139 2091 284 2152 coactiva.

178 2202 206 2250 a.
223 2192 293 2251 llaec
304 2196 436 2270 potestas
448 2197 478 2252 et
487 2191 653 2269 jurisdictio
664 2197 710 2253 est
720 2207 809 2271 penes
823 2189 999 2269 Episcopus.

181 2298 209 2346 3.
226 2286 286 2347 lllis
295 2288 468 2347 immediate
482 2307 500 2348 a
515 2289 574 2349 [leo
589 2286 699 2349 tradita
710 2292 766 2348 est.

178 2396 208 2444 u.
221 2385 358 2446 Potestas
365 2383 428 2445 hace
435 2384 658 2446 ecclesiasticae
668 2383 746 2446 civili
758 2390 846 2464 atque
854 2380 977 2463 politica
984 2380 1280 2462 persedistinctaest.

177 2492 206 2540 a.
224 2480 363 2564 Episcopi
384 2480 577 2543 nihilominus
597 2481 755 2544 feudorum
768 2498 837 2542 curu
851 2477 973 2541 annexis
996 2477 1144 2558 regalibus
1157 2495 1283 2559 capaces

137 2584 217 2638 sunt.

178 2687 207 2736 o.
224 2677 409 2756 &amquam
422 2679 459 2738 R.
476 2679 632 2756 Pontificio
646 2677 763 2748 electio,
778 2693 805 2739 si
816 2692 911 2738 sonsr
924 2689 1078 2751 summes,
1090 2691 1280 2738 suasurum
1378 2703 1381 2708 ·

137 2790 324 2834 rorssrrrsu
338 2793 520 2850 rnrausanr3
532 2783 631 2836 famen
648 2776 709 2852 ejus
728 2775 950 2851 dispositiones,
967 2790 1034 2833 cam
1046 2777 1149 2850 egitur
1159 2773 1196 2833 de
1208 2774 1283 2833 eoae

138 2872 296 2940 Ecclesia,
309 2856 395 2932 secus
412 2889 437 2931 si
451 2889 490 2932 us
501 2889 708 2946 nsrnrusuro,
719 2873 863 2930 valerent.

179 2980 207 3028 7.
224 2970 377 3029 Romanus
398 2966 535 3028 Pontifex
553 2987 607 3027 nec
621 2962 809 3027 directe'nec
821 2964 963 3024 indirecte
976 2981 1059 3041 reges
1076 2964 1144 3040 jure
1164 2964 1280 3044 imperii

137 3062 349 3142 possessionis,
362 3062 485 3125 dominii
499 3070 551 3124 aut
564 3062 829 3124 administrationis
841 3078 941 3123 rerum
961 3060 1172 3140 temporalium
1182 3069 1282 3141 potest

136 3159 264 3238 privare.

179 3269 207 3317 e.
230 3260 395 3318 Intercluso
412 3258 533 3317 Romam
552 3262 602 3317 via
616 3259 759 3336 Episcopi
771 3255 873 3316 aalide
894 3259 924 3314 ef
942 3255 1025 3314 licite
1045 3255 1280 3333 disponamus

138 3356 231 3433 Papae
245 3361 411 3416 reservatas
425 3356 600 3415 concedunt.

560 3500 853 3562 Animadversiones.
903 3545 909 3557 .

176 3633 210 3715 a]
227 3636 360 3695 Potestas
372 3640 402 3694 et
413 3632 582 3714 iurisdictio
593 3638 639 3693 est
653 3650 744 3713 penes
754 3632 791 3693 R.
808 3630 983 3692 Pontificem
996 3632 1185 3712 singulosque
1204 3632 1280 3715 epis·

136 3749 230 3811 copes
252 3749 313 3792 non
328 3749 410 3793 mere
428 3730 677 3807 ministerialiter,
702 3729 754 3792 sed
775 3727 897 3814 proprie
920 3733 951 3790 et
974 3727 1147 3792 formaliter.
1170 3728 1202 3811 b)
1221 3732 1281 3792 Po

140 3834 232 3889 testes
243 3830 280 3889 a.
292 3830 450 3908 Pontificts
462 3835 547 3891 teate
558 3848 618 3890 aaa
629 3837 685 3900 esf,
695 3836 836 3909 wentam
844 3831 1005 3909 ittiptures
1016 3831 1209 3891 vindicarunt
1219 3835 1279 3890 tam

136 3928 170 3985 ia
189 3941 273 4002 repes
287 3943 376 4003 guam
393 3931 425 3987 ia
448 3932 604 4006 episcopos.
630 3926 660 4008 o)
682 3929 762 3989 Deus
783 3933 941 4007 utramque
962 3933 1143 4008 potestatem
1162 3944 1279 3988 meram

137 4020 273 4083 videlicet
286 4027 316 4082 et
327 4023 498 4104 politicam,
512 4025 553 4088 ita
564 4025 712 4104 distinxit,
727 4031 761 4087 ut
771 4026 882 4106 quavis
893 4043 948 4087 suo
958 4024 989 4087 in
999 4043 1107 4106 genere
1116 4024 1154 4086 sit
1162 4040 1279 4086 summa

137 4128 166 4180 et
181 4120 219 4181 ab
230 4119 324 4182 altera
335 4120 549 4203 independens.
563 4123 599 4205 d)
611 4123 763 4187 Pontifieis
775 4125 842 4203 jura
856 4123 992 4205 quaedam
1009 4119 1176 4185 essentialia
1188 4127 1277 4199 sunt,

135 4217 245 4296 quibus
261 4218 433 4297 praeminet
446 4221 605 4303 episcopis.
624 4221 656 4303 c)
678 4222 869 4303 Amplissima
883 4221 974 4282 habet
992 4239 1028 4280 ex
1042 4217 1279 4281 concordasset

138 4314 314 4377 Reservatis.
