3194 5354
239 476 290 524 ³³0
406 444 443 534 J
666 466 869 523 caunensis
888 466 951 526 xrv

238 574 441 656 probavimus.
453 575 619 653 Eapropter
628 553 789 651 eoser‘npor
799 568 1184 650 flagrantissimodesiderio
1193 577 1385 657 tenebamur,

239 677 328 751 atque
340 689 393 752 spe
408 670 613 746 allicebamur,
629 667 692 729 lore
706 668 866 744 nimirum,
880 674 913 729 ut
928 668 1087 730 luculentis
1100 672 1315 736 nonnullorum
1331 679 1386 739 lte

238 787 397 830 manorum
408 767 586 849 pontificum
597 765 851 846 predecessorum
869 771 1042 834 nostrorum
1054 768 1198 855 exemplis
1216 769 1385 834 insistentes

238 866 404 927 Bononiam
417 871 567 946 repetere,
585 861 812 923 dilectissimum
825 862 938 923 clerum
951 879 987 923 ae
997 863 1146 943 populum
1160 871 1301 927 nostrum
1315 867 1386 929 invi·

237 980 317 1038 scre,
328 968 418 1041 atque
432 979 493 1022 una
506 960 634 1021 invicem
649 959 848 1038 gratulantes,
862 958 1100 1039 metropolitane
1110 962 1242 1024 ecclesiae
1259 964 1387 1026 laudata

236 1055 493 1129 consecutionem
505 1071 645 1137 peragere
659 1055 838 1121 salomouis.
851 1054 964 1121 Verum
977 1059 1116 1124 roeomm
1132 1062 1306 1127 nostrerum
1325 1057 1386 1118 im-

236 1161 322 1233 potes
339 1151 467 1231 iaciunt,
482 1159 571 1233 atque
586 1170 604 1213 a
617 1157 764 1231 concepta
781 1167 835 1230 spe
848 1147 992 1227 dejiciunt
1002 1166 1063 1212 non
1078 1152 1298 1213 contancendd
1317 1172 1386 1234 pro

237 1257 327 1311 vecte
344 1250 438 1311 aetatis
455 1248 667 1329 impedimenta
688 1255 718 1308 et
739 1264 798 1308 non
818 1246 894 1307 levia
908 1246 1048 1327 podagre
1062 1247 1265 1310 incommoda.
1279 1252 1385 1330 ltaque

236 1346 308 1407 illud
319 1347 441 1408 tandem
450 1345 607 1407 consilium
617 1343 820 1425 suscepimus,
831 1343 861 1404 in
871 1361 1000 1431 eamque
1009 1342 1183 1407 devenimus
1192 1347 1384 1421 sententiam,

236 1452 269 1503 ut
279 1443 381 1506 relicta
389 1444 480 1504 Nobis
490 1442 603 1523 pariter
614 1439 794 1502 anonnullis
803 1439 948 1502 llonunis
957 1436 1150 1520 pontificibus
1162 1442 1386 1521 predecessori-

236 1539 292 1598 bus
312 1539 420 1601 nostris
437 1538 619 1600 documenta
638 1541 795 1616 sequentes
814 1535 944 1614 aliquem
962 1535 1190 1616 deputaremus,
1210 1538 1262 1617 qui
1281 1547 1385 1600 nostro

236 1636 355 1698 nomine
378 1638 459 1699 illam
477 1634 644 1716 perliceret.
669 1636 771 1711 ltaque
794 1640 837 1702 te,
855 1634 967 1693 dilecte
979 1636 1033 1711 fili
1046 1642 1156 1705 noster,
1176 1640 1229 1712 qai
1252 1654 1271 1695 a
1294 1637 1386 1697 Nobis

237 1735 482 1814 Arelateptscopas
491 1737 634 1796 Bononio
644 1737 837 1807 constitutas,
850 1736 901 1810 qus·
911 1738 1049 1790 ereatura
1066 1737 1170 1791 nostra
1180 1750 1221 1803 es,
1234 1738 1289 1810 qur·
1300 1739 1386 1795 muta

236 1850 303 1892 cam
316 1837 448 1893 nominis
463 1835 508 1893 tat
520 1830 623 1900 laude,
640 1836 724 1890 tanta
738 1847 805 1889 cum
821 1829 996 1888 Christiano
1008 1833 1133 1907 pietate,
1145 1830 1297 1907 postorali
1317 1831 1385 1890 sot-

236 1928 411 1998 licttudine,
429 1927 609 1988 sacerdotali
624 1928 802 2004 viqttcntic,
817 1927 892 1986 bono
904 1927 1044 2004 exempto
1059 1934 1087 1987 et
1101 1928 1303 1989 ecclesiastico
1318 1931 1385 1990 zato

235 2029 405 2106 impositum
415 2026 469 2087 tibi
484 2027 683 2084 ministerium
699 2023 849 2083 mneside
863 2021 1030 2101 adimplere
1045 2028 1160 2101 satrapis
1174 2030 1205 2083 et
1219 2024 1383 2095 adulterim
1420 2062 1424 2070 ·

235 2121 400 2203 apostolica
414 2121 590 2184 auctoritate
600 2126 704 2183 tenore
720 2120 912 2202 praesentium
923 2122 1135 2184 constituimus
1146 2128 1176 2183 et
1190 2120 1385 2201 deputamus,

235 2224 268 2278 ut
288 2219 453 2281 solemnem
467 2236 544 2298 sape
559 2216 644 2278 dicta
657 2216 788 2278 ecclesie
806 2216 1042 2305 metropolitana
1064 2236 1100 2279 eo
1119 2216 1185 2293 die,
1204 2235 1241 2278 eo
1264 2236 1385 2293 mense,

234 2320 325 2392 prout
337 2313 391 2376 tibi
405 2313 603 2396 opportunius
624 2313 720 2376 visum
740 2313 844 2392 sumit,
866 2319 970 2377 nostro
986 2316 1109 2378 normae
1125 2316 1386 2378 consociationem

234 2409 326 2472 facias
340 2431 376 2473 ac
386 2411 535 2492 perficias.
551 2411 699 2473 Volumus
711 2418 812 2473 autem
826 2411 1015 2474 utuulversis
1028 2419 1059 2474 et
1070 2411 1387 2492 singulistristilide

235 2506 313 2568 libus
333 2525 387 2588 par
403 2507 538 2573 edictum
556 2506 712 2586 publicum
731 2506 846 2576 indicas
860 2506 1010 2587 pkmuaa
1033 2505 1233 2586 indulgentias
1253 2524 1272 2568 a
1290 2506 1403 2583 Nobis,

234 2620 392 2665 concessas
406 2603 740 2690 esselisomnibus,qrri
751 2604 854 2671 sivein
867 2604 934 2691 ipsa
947 2604 1180 2676 musecrationis
1191 2603 1258 2679 die,
1277 2602 1340 2664 sive
1352 2603 1382 2664 in

233 2697 352 2760 duobus
365 2698 537 2760 immediate
547 2699 739 2780 sequentibus
754 2699 859 2763 diebus
875 2701 1003 2766 confessi
1017 2721 1052 2764 ac
1071 2721 1156 2763 sacra
1170 2701 1384 2765 communione

233 2793 339 2855 relecti
350 2792 488 2856 eamdem
498 2791 761 2873 metropolitanam
772 2795 928 2858 eeclesiam
934 2796 1132 2873 visitarsaint,
1145 2802 1176 2858 et
1186 2797 1225 2857 ibi
1237 2814 1293 2877 pro
1302 2797 1385 2858 Chri-

233 2892 399 2963 stianorum
407 2891 579 2980 principum
593 2890 769 2967 concordia,
792 2891 938 2954 heresum
954 2893 1168 2974 extimatione,
1183 2901 1213 2954 et
1228 2894 1260 2955 S.
1282 2894 1386 2957 Matris

233 2987 370 3051 Ecclesia
393 2987 571 3051 exaltatione
591 2986 656 3069 pias
679 2988 716 3050 ad
740 2991 834 3050 Deum
849 3009 952 3070 preces
973 2991 1142 3053 effuderint.
1163 2990 1385 3071 Indulgentiam

233 3100 305 3147 vero
323 3092 438 3167 septem
463 3103 609 3148 annorum
630 3091 662 3147 et
681 3085 807 3148 totidem
831 3087 1092 3168 quadragenarum
1114 3106 1170 3168 pro
1192 3085 1384 3150 visitantibus

232 3181 330 3261 ipsam
340 3182 603 3263 metropolitanam
614 3183 772 3245 ecclesiam
784 3183 817 3244 ia
829 3183 1032 3246 anniversario
1045 3181 1280 3246 motationis
1294 3183 1344 3246 dle
1352 3184 1384 3245 in

232 3283 411 3357 perpetum
426 3278 567 3357 assignes.
587 3280 681 3339 Porro
695 3279 749 3340 etsi
768 3296 946 3360 persuasam
965 3280 1128 3356 urbanas,
1149 3285 1197 3356 te,
1210 3278 1320 3342 dilecta
1340 3279 1383 3341 tili

232 3378 344 3449 noster,
366 3391 533 3435 memorem
549 3375 747 3455 impositionis
761 3393 907 3439 manuum
921 3383 1094 3443 nostrumne
1108 3393 1197 3456 saper
1217 3384 1264 3454 te,
1278 3384 1309 3439 et
1330 3395 1384 3456 pa·

234 3476 324 3533 terna
337 3470 484 3549 caritatis,
498 3491 557 3553 qua
570 3478 600 3534 te
615 3491 734 3554 semper
747 3474 896 3554 compleri
915 3491 1030 3551 armus,
1043 3472 1236 3554 etproiiliali
1248 3482 1383 3554 tuaerga

232 3570 293 3631 Nos
314 3568 503 3631 observantia
527 3569 660 3631 amiduas
680 3568 717 3631 ad
738 3570 887 3633 bonorum
908 3572 1081 3651 largitorem
1100 3573 1196 3632 mum
1216 3587 1274 3650 pro
1288 3569 1384 3631 Nobis

231 3687 336 3750 preces
346 3667 483 3745 sundere,
498 3668 674 3730 taruennae
693 3668 850 3729 occasione
872 3674 917 3745 te,
931 3667 1038 3729 diade
1052 3667 1094 3728 llli
1114 3672 1226 3742 nasta,
1237 3681 1384 3745 rosanus

233 3773 264 3824 et
278 3766 485 3843 poscimus,„ut
499 3764 729 3827 ferventioribus
743 3765 883 3846 deinceps
899 3765 1142 3831 obsecrationum
1154 3760 1305 3844 mllragiis
1315 3771 1383 3826 man

231 3860 397 3923 dilectionis
403 3869 472 3940 tuae,
487 3882 579 3942 quam
591 3863 718 3925 aliorum
728 3863 968 3926 Gbristitidelium
977 3881 1057 3933 oraru
1066 3861 1381 3938 tunoommissorum,

231 3979 308 4041 quos
320 3958 449 4021 excitare
463 3965 492 4020 et
502 3959 616 4021 bertari
632 3979 671 4022 ue
685 3962 823 4039 omittas,
840 3962 920 4042 apud
934 3976 1110 4041 srrpremurn
1129 3964 1287 4040 mstorura
1296 3958 1383 4040 prim

231 4059 329 4140 ripam
350 4059 452 4134 lesum
476 4057 642 4131 Christum,
664 4061 750 4139 cujus
770 4061 849 4122 vices
865 4061 895 4120 in
917 4059 1006 4123 terris
1023 4057 1218 4119 immerentes
1234 4055 1381 4136 gerimus,

232 4155 374 4217 continuo
394 4173 449 4236 pro
469 4160 569 4216 nostra
590 4155 795 4218 imbecillitate
814 4157 905 4219 instas
922 4162 952 4216 et
967 4171 1073 4234 urgeas
1082 4199 1090 4230 ,
1107 4160 1141 4214 ut
1153 4169 1210 4214 nor
1224 4159 1256 4213 ot
1269 4169 1383 4233 corpus

232 4259 369 4314 nostrum
382 4252 489 4314 celesti
501 4252 614 4314 lumine
630 4252 773 4331 illustret,
785 4254 886 4315 divine
897 4246 1006 4314 virtute
1016 4251 1131 4331 repleat
1142 4255 1177 4311 et
1186 4265 1317 4328 siquem
1325 4267 1381 4328 ope

232 4346 389 4410 confirmet
402 4368 464 4412 non
478 4350 576 4413 solum
588 4350 620 4412 in
634 4351 809 4431 mavmsima
823 4351 999 4415 universalis
1016 4348 1156 4411 Ecclesiae
1167 4348 1379 4428 procuratione

233 4448 264 4503 ct
278 4443 307 4503 in
323 4446 457 4508 omnium
472 4451 664 4511 ecclesiarum
680 4448 893 4569 sollicitudine,
906 4467 1010 4514 venun
1025 4449 1117 4510 etiam
1131 4447 1162 4508 in
1177 4446 1285 4516 ultima
1295 4463 1379 4509 rner-
