3194 5354
379 528 563 584 arrsroun
580 529 625 582 ur
644 527 777 582 annvrn
794 528 1026 584 surrucrrona.
1075 574 1083 587 .
1225 514 1299 585 aoa'

131 635 272 697 lenimus.
294 632 392 694 Nihilo
410 640 512 693 tamen
525 632 625 692 minus
640 632 821 713 petitionum
839 639 1007 694 vestrarum
1025 652 1176 695 memores
1189 635 1276 696 facite

131 741 196 792 tum
209 735 372 811 paternum
383 729 517 790 animum
526 734 665 790 nostrum
678 728 716 789 ad
731 728 956 790 rescribendum
970 729 1152 792 induximus.
1165 733 1223 793 Sed
1235 753 1277 794 eac

130 829 235 890 litterae
248 846 286 889 ne
299 827 506 904 redderentur,
522 827 646 907 quidam
659 848 697 889 ex
707 829 792 890 vobis
804 846 928 890 causam
941 828 1062 906 dedere,
1072 830 1124 909 qui
1138 837 1202 891 tum
1213 851 1277 893 mo-

131 925 178 986 liri
192 924 304 1005 aliquid
316 924 371 986 visi
384 931 541 1004 sunt,quo
557 927 757 1006 apostolicam
778 927 988 989 auctoritatem
1006 927 1099 988 Nobis
1110 927 1276 992 immeren-

130 1023 311 1085 tibusalleo
323 1022 517 1084 commissam
526 1023 805 1086 declinarent.Cum
812 1042 903 1105 porro
910 1023 1108 1086 recentiorem
1118 1025 1276 1103 epistolam

130 1128 260 1183 vestram
273 1120 322 1182 die
338 1132 375 1182 22
396 1122 499 1201 aprilis
513 1121 616 1184 datam
634 1123 864 1203 accepissemus,
875 1123 905 1184 in
918 1142 980 1204 qua
993 1140 1107 1184 novum
1117 1121 1275 1200 exhibetis,

129 1237 165 1279 ac
188 1218 319 1281 maxime
338 1227 543 1299 opportunum
560 1220 658 1281 iilialis
681 1220 711 1281 iu
728 1223 789 1282 Nos
809 1221 994 1297 devotionis,
1016 1227 1048 1282 et
1063 1220 1228 1282 constantis
1246 1222 1276 1282 in

131 1323 274 1380 Sanctam
288 1318 484 1380 hancSedem
503 1318 698 1381 observantia
710 1325 813 1380 vestrae
832 1318 1037 1381 testimonium
1056 1337 1091 1379 ac
1114 1318 1276 1397 plurimam

77 1414 81 1429 “
131 1419 276 1500 praelertis
290 1420 329 1481 de
350 1426 481 1499 paterna
494 1425 605 1480 nostrae
617 1417 779 1479 voluntatis
792 1416 822 1477 in
841 1436 895 1478 vos
907 1416 1108 1497 propensione
1121 1417 1276 1492 fiduciam,

131 1517 326 1596 perlibenter,
338 1522 429 1596 atque
442 1535 478 1576 ex
497 1515 599 1576 animo
617 1532 671 1594 per
682 1520 801 1576 nostras
815 1513 906 1575 hasce
918 1514 1033 1574 litteras
1047 1514 1275 1594 respondemus,

131 1613 274 1692 vobisque
287 1612 506 1692 significamus,
524 1611 625 1672 dilecti
644 1610 711 1686 lilii,
723 1629 810 1672 curas
829 1610 1085 1691 cogitationesque
1107 1617 1226 1673 nostras
1248 1613 1277 1672 in

131 1727 168 1771 eo
181 1730 261 1772 nunc
271 1710 464 1792 potissimum
472 1707 584 1770 versari
597 1714 631 1768 ut
647 1707 850 1787 aliquomodo
864 1707 1023 1788 postulatis
1037 1708 1141 1770 vestris
1155 1708 1277 1770 satisfa-

131 1825 199 1869 cere
209 1809 375 1870 valeamus.
388 1806 447 1868 Sed
462 1824 524 1886 qno
540 1803 571 1865 id
582 1803 698 1866 lacibus
709 1804 851 1884 consequi
867 1804 1018 1884 possimus
1031 1804 1117 1867 valde
1127 1805 1277 1886 cupimus,

133 1911 166 1966 ut
177 1924 248 1967 cum
264 1906 302 1968 ad
317 1904 556 1968 moderationem
571 1903 702 1982 aliquam
715 1903 840 1964 consilia
853 1903 903 1964 illa
912 1904 1215 1981 vestradeduxeritis,
1226 1924 1279 1967 ra-

131 2002 244 2066 tionem
256 2004 349 2066 etiam
363 2002 552 2082 excogitatis,
567 2001 606 2062 ad
620 2002 740 2080 Nosque
760 2001 957 2081 perscriptam
971 2001 1198 2075 transmittatis,
1219 2021 1280 2081 qua

119 2100 182 2163 illa
191 2101 363 2176 commode,
377 2107 495 2182 pacate,
507 2118 543 2161 ae
556 2117 592 2160 ex
609 2097 750 2178 aequitate
761 2097 869 2159 confici
886 2098 953 2160 istic
964 2117 1052 2178 posse
1064 2097 1233 2159 videantur.
1246 2101 1279 2158 ln

130 2216 192 2278 qua
205 2204 306 2258 tamen
321 2196 450 2259 ineunda
462 2196 578 2258 ratione
592 2195 623 2257 id
634 2195 784 2277 praecipue
801 2194 900 2257 caveri
913 2215 931 2257 a
948 2196 1034 2257 vobis
1047 2195 1185 2272 debebit,
1196 2195 1278 2276 quod

131 2295 241 2356 dilecto
253 2295 314 2356 lilio
329 2293 469 2356 Severino
479 2292 631 2355 Servantis
642 2291 752 2354 nostris
766 2291 864 2352 verbis
876 2291 1177 2355 coramrefereudum
1191 2292 1280 2354 vobis

131 2392 406 2472 exponendamque
423 2390 650 2452 committimus.
672 2389 746 2451 lllud
768 2396 912 2470 praterea
928 2390 962 2458 ,in
983 2390 1048 2470 ipsa
1068 2388 1280 2469 perscribenda

131 2489 248 2550 ratione
261 2488 511 2551 considerandum
524 2506 542 2549 a
554 2485 639 2547 vobis
653 2486 724 2562 erit,
738 2503 809 2547 cum
823 2502 860 2546 ea
878 2484 1003 2548 consilia
1014 2503 1136 2546 cessura
1145 2485 1177 2546 in
1191 2504 1280 2547 com-

132 2605 257 2648 munem
277 2586 337 2647 siut
357 2584 530 2666 reipublicae
550 2589 671 2659 vestrae,
693 2582 805 2644 scilicet
827 2589 892 2644 tum
916 2582 1187 2644 ecclesiasticorum
1209 2601 1281 2645 cum
1377 2655 1379 2660 ¹

133 2685 280 2746 laicorum
294 2684 470 2761 utilitatem,
483 2682 606 2744 minime
617 2698 737 2761 aequum
747 2679 859 2757 videri,
872 2687 906 2741 ut
916 2680 946 2740 in
958 2697 1052 2741 unam
1065 2680 1278 2743 tantummodo

132 2787 249 2860 partem
270 2781 542 2844 ecclesiasticorum
564 2778 725 2853 nimirum,
739 2794 829 2839 omne
848 2795 961 2838 novum
982 2776 1112 2853 recidat,
1131 2784 1219 2858 atque
1237 2776 1280 2838 in·

135 2879 259 2940 cumbet
272 2896 360 2939 onus.
372 2880 447 2939 Haec
456 2877 630 2951 babuimus,
640 2892 709 2954 quse
719 2875 748 2934 in
763 2873 922 2953 presentia
936 2872 1022 2934 vobis
1036 2874 1279 2950 rescriberemus,

135 2974 235 3035 dilecti
249 2973 313 3034 filii.
326 2973 449 3034 interim
460 2988 638 3053 persuasum
649 2969 735 3031 vobis
748 2986 813 3030 esse
828 2969 979 3046 volumus,
992 2986 1184 3049 nequaquam
1197 2971 1281 3032 vobis

135 3069 307 3130 defuturam
318 3086 382 3130 esse
394 3067 592 3149 apostolicam
602 3073 739 3129 nostram
749 3065 978 3128 sollicitudinem
992 3084 1085 3146 quam
1091 3066 1122 3127 in
1134 3084 1171 3127 ca
1181 3068 1282 3128 omnia

134 3169 283 3229 intensam
297 3167 430 3247 gerimus
442 3182 642 3247 quecumque
654 3183 755 3246 taqua,
769 3165 870 3240 utilia,
883 3183 919 3225 ac
936 3165 1080 3226 salutaria
1090 3183 1156 3226 esse
1171 3164 1201 3226 in
1217 3169 1281 3226 Do-

135 3266 218 3327 mino
236 3264 418 3344 Judicamus.
430 3267 475 3326 Ac
492 3270 526 3326 ut
542 3263 734 3343 perspicuum
745 3262 784 3325 de
794 3261 924 3344 plurima
935 3268 1037 3324 nostra
1051 3263 1082 3324 in
1094 3268 1283 3344 vospatema

133 3361 339 3424 benevolentia
349 3361 456 3442 pignus
464 3359 611 3436 habeatis,
621 3360 815 3441 apostolicam
824 3358 1168 3437 benedictionemrobis,
1180 3360 1281 3422 dilecti

135 3458 200 3536 tilii,
214 3465 405 3539 peramanter
426 3457 628 3538 impertimur.
644 3458 758 3517 Datum
777 3457 1137 3534 aquampendentem
1156 3459 1284 3518 Mariam

136 3556 294 3632 timorem,
306 3555 359 3616 mb
368 3555 490 3615 Annulo
501 3554 740 3624 Piscatoris,die
753 3565 787 3615 at
802 3557 877 3628 maii
893 3565 980 3630 tm,
987 3557 1284 3633 pontificatusnostri

135 3670 215 3713 uano
228 3660 325 3714 sexto.

625 3836 791 3907 CCLXXI.

396 3987 560 4029 cnarssruo
582 3987 617 4028 m
639 3987 772 4030 cunrsro
794 3987 877 4029 sauro
904 3987 1021 4030 nosrno

148 4080 341 4141 LUDOVICO
362 4082 544 4144 AUGUSTO
564 4084 803 4146 FRANCORUM
823 4086 916 4146 REGI
938 4084 1273 4146 cflnlsdtnlttsstuo

452 4194 684 4278 CLEMENS
713 4202 840 4278 PAPA
868 4200 975 4277 XIV.

907 4341 1004 4396 nomm,
1021 4345 1031 4386 t
1048 4336 1108 4396 iunii
1124 4339 1189 4386 tm.

182 4430 362 4500 Carissime,
390 4439 444 4491 etc.
467 4434 497 4494 Si
519 4437 656 4498 moeroris
676 4443 765 4516 atque
788 4434 973 4513 agritudinis
988 4452 1005 4495 a
1022 4432 1114 4494 Nobis
1132 4439 1284 4513 precepta

145 4528 273 4591 societas
286 4547 321 4591 ao
335 4529 512 4608 magnitudo
525 4533 637 4594 mederi
660 4533 761 4613 aliquo
781 4531 873 4593 modo
891 4538 991 4611 posset
1006 4530 1118 4592 doloris
1129 4529 1283 4592 acerbitati
