3194 5354
327 489 362 538 98
756 477 959 534 CLEMENTlS
976 478 1042 532 lllV

327 604 446 662 sumus,
463 590 605 664 tanmqne
617 583 755 644 immensi
771 582 872 662 gaudii
890 602 926 644 ac
941 583 1138 663 iucunditatis
1149 583 1177 644 vi
1198 589 1342 664 paternus
1356 581 1480 645 animos

327 690 427 746 noster
443 681 592 743 redundat
607 687 696 762 atque
707 681 867 758 exuberat,
880 688 914 743 ut
927 689 1032 743 nostro
1044 682 1115 743 huic
1136 699 1257 743 summo
1274 688 1366 761 atque
1375 681 1479 743 incre-

326 779 409 841 dibili
424 779 524 841 studio
542 779 742 858 obsequentes
753 779 885 839 maxime
902 780 964 840 Nos
977 779 1033 859 ipsi
1053 780 1213 855 interesse,
1235 795 1271 840 ec
1291 796 1385 840 sacras
1399 779 1480 841 illim

327 879 492 942 vestitionis
505 879 711 941 celebritatem
722 895 865 959 peragere
876 895 1072 958 cuperemus,
1085 884 1120 938 ut
1131 881 1248 957 quanta
1258 876 1392 939 mamma
1403 893 1480 958 pos-

327 983 373 1038 set
385 976 424 1038 ad
439 994 507 1038 cam
525 975 675 1038 actionem
690 976 781 1037 etiam
792 993 830 1036 ex
843 975 997 1055 pontificia
1008 974 1219 1056 perfunctione
1237 983 1343 1036 nostre
1358 974 1480 1039 decoris

327 1094 364 1137 ae
378 1075 543 1156 splendoris
554 1074 639 1136 lieret
651 1074 795 1136 accessio.
807 1075 867 1135 Sed
876 1073 1021 1154 quoniam
1030 1073 1142 1153 optatis
1152 1072 1326 1151 hujramodi
1339 1073 1479 1135 locorum

327 1174 484 1236 intervalla
495 1175 556 1235 Nos
567 1173 738 1235 satisfacere
752 1191 814 1234 non
831 1174 949 1248 sinunt,
964 1172 1077 1234 idcirco
1090 1169 1259 1251 specialiter
1275 1170 1314 1232 ad
1331 1170 1363 1232 id
1376 1170 1479 1250 ipsum

327 1269 410 1331 hisee
421 1268 529 1331 litteris
539 1269 648 1330 nostris
663 1268 845 1349 deputamus
855 1276 902 1345 te,
914 1267 1100 1330 Venerabilis
1112 1268 1227 1344 Frater,
1242 1283 1279 1328 ec
1290 1267 1332 1328 ita
1341 1265 1480 1329 destina-

328 1389 411 1448 mus,
427 1377 462 1433 ut
483 1371 514 1432 in
532 1387 569 1432 ea
587 1368 761 1450 peragenda
777 1386 869 1430 sacra
889 1367 1055 1429 vestitionis
1074 1365 1254 1427 ceremonia
1272 1371 1392 1427 nostras
1405 1382 1480 1446 agas

328 1470 423 1545 vices,
435 1476 599 1550 nostroque
610 1467 733 1530 nominc
745 1484 857 1529 munus
871 1466 902 1529 id
919 1473 1057 1548 prastes3
1076 1482 1113 1526 eo
1127 1463 1209 1525 enirn
1220 1462 1478 1544 modotamquam

327 1567 459 1648 Nosipsi
482 1567 708 1643 interessemus,
729 1583 766 1626 ae
787 1563 988 1627 dilectissima
1005 1565 1035 1626 iu
1052 1565 1170 1627 Christo
1184 1564 1265 1626 Filia
1281 1571 1391 1627 nostras
1408 1565 1479 1627 ani-

328 1680 412 1727 mum
425 1665 464 1727 ad
477 1665 658 1727 castissimas
674 1663 775 1745 spousi
790 1663 836 1724 sui
850 1663 969 1724 Domini
982 1669 1103 1743 nuptias
1114 1662 1305 1725 anhelantem
1318 1671 1480 1744 presentes

329 1761 525 1839 intueremur,
538 1760 704 1822 maximam
721 1765 812 1840 atque
824 1759 976 1839 egregiam
992 1759 1160 1821 videbimur
1178 1756 1278 1821 adhuc
1297 1760 1392 1839 magis
1408 1776 1480 1822 am-

328 1859 495 1939 plificanda
505 1859 613 1922 letitie
625 1865 733 1920 nostras
744 1855 870 1921 causam
882 1856 1063 1936 adjunxisse.
1076 1860 1224 1919 Praeterea
1236 1856 1400 1938 spiritualis
1412 1857 1479 1917 the·

329 1951 409 2018 sauri
427 1956 585 2037 largitione
603 1973 765 2018 commune
784 1955 871 2017 istius
890 1953 1005 2017 ordinis
1027 1953 1174 2034 gaudium
1186 1956 1284 2016 multe
1304 1954 1429 2017 uberim
1440 1973 1479 2017 ac
1535 1981 1539 1991 ·

329 2053 508 2116 luculentius
515 2053 634 2115 efficere
646 2052 808 2114 statuimus
815 2076 824 2128 ;
834 2069 871 2113 eo
882 2052 964 2113 enim
976 2068 1070 2113 sacra
1082 2052 1248 2115 vestitiouis
1262 2051 1313 2114 die
1323 2053 1478 2128 omnibus,

329 2168 394 2230 quae
416 2169 469 2231 per
489 2156 587 2212 totam
604 2157 674 2212 sunt
693 2150 819 2211 Galliam
840 2149 1007 2211 Carmelltis
1019 2150 1198 2212 excalceatis
1219 2149 1403 2212 monialibus
1421 2152 1480 2213 rite

328 2246 472 2309 confessis
487 2265 522 2308 ac
533 2265 619 2309 sacra
630 2246 842 2309 communione
852 2246 971 2308 reiectis
978 2291 986 2324 ,
998 2247 1110 2327 licique
1123 2246 1337 2327 omnipotentis
1348 2248 1479 2310 clemen-

329 2344 402 2406 tiam
417 2363 473 2426 pro
489 2344 645 2406 catholiea
654 2343 786 2405 ecclesie
795 2342 988 2420 exaltatione,
1001 2361 1058 2423 pro
1073 2343 1229 2405 carissimo
1245 2344 1276 2406 in
1285 2344 1404 2406 Christo
1415 2344 1478 2407 tilio

329 2448 431 2502 nostro
459 2439 611 2501 Ludovico
638 2442 823 2501 Francorum
845 2456 915 2517 rege
938 2438 1191 2502 Christianissimo
1215 2441 1341 2522 ejusque
1359 2441 1476 2518 liberis,

329 2539 526 2617 universaque
539 2537 620 2617 regia
637 2535 746 2613 domo,
763 2552 916 2616 regnoque
928 2534 1156 2614 florentissimo,
1167 2557 1203 2600 ec
1216 2539 1409 2620 potissimum
1422 2559 1479 2621 pro

329 2633 405 2695 tanti
420 2632 521 2713 gaudii
533 2632 673 2694 ductrice
683 2632 862 2694 sanctissimi
874 2650 955 2694 nuuc
964 2634 1091 2696 instituti
1101 2636 1282 2716 tyrocinium
1295 2636 1432 2715 ineunte,
1444 2644 1480 2700 ut

328 2730 437 2792 exinde
456 2729 569 2792 scilicet
590 2748 644 2810 per
659 2728 753 2790 divini
767 2729 890 2809 spiritus
912 2730 1028 2808 majora
1051 2732 1081 2792 in
1102 2732 1260 2795 diesdona
1272 2733 1325 2795 fiet
1347 2734 1478 2815 amplius

278 2894 281 2898 ,
328 2831 422 2892 etiam
435 2827 841 2910 sanctitatis,quamlaetum
853 2828 891 2889 sit
903 2828 1069 2908 splendoris
1079 2830 1136 2911 ipsi
1147 2831 1245 2893 ordini
1253 2838 1477 2910 ornamentum,

329 2928 463 2990 studiose
477 2934 567 3008 atque
584 2926 671 2988 enixe
686 2923 918 3005 deprecantibus
935 2925 1102 3005 plenariam
1120 2927 1336 3007 indulgentiam
1350 2928 1479 3010 benigne

329 3023 535 3102 concedimus,
547 3022 674 3104 tibique,
687 3019 874 3083 Venerabilis
887 3022 1002 3098 Frater,
1017 3022 1209 3100 mandamus,
1222 3030 1256 3085 ut
1270 3023 1328 3085 hoc
1341 3030 1480 3086 nostrum

329 3121 461 3183 salutare
483 3138 594 3183 munus
614 3119 771 3200 diligenter
786 3117 880 3180 iacias
903 3117 1045 3179 omnibus
1059 3119 1170 3200 quibus
1184 3138 1262 3199 opus
1274 3125 1338 3196 est,
1359 3125 1481 3181 mature

329 3217 530 3292 innotescere3
542 3236 578 3279 ae
591 3218 623 3278 in
634 3215 794 3296 pontificia
806 3221 916 3277 nostra
926 3215 1138 3278 benevolentia
1148 3217 1267 3298 pignus,
1281 3214 1480 3298 apostolicam

329 3311 584 3390 benedictionem,
605 3312 676 3388 tibi,
700 3311 887 3373 Venerabilis
914 3313 1030 3390 Frater,
1056 3322 1249 3393 peramanter
1277 3308 1478 3394 impertimur.

331 3412 442 3474 Dotem
451 3413 561 3482 Rome,
572 3412 701 3487 ete.,die
715 3422 750 3471 ta
757 3413 837 3488 jero·
850 3413 1235 3490 rito,pontificotasnoatrt
1245 3409 1477 3474 commeando.

809 3531 988 3547 ——n

871 3642 940 3713 xc.
987 3724 991 3734 ,

742 3809 932 3852 venantium
956 3810 1071 3852 raanan

498 3916 666 3978 ulcouno
686 3916 859 3977 ANTONIO
880 3916 1065 3977 EPlSCOPO
1086 3913 1306 3977 veronensi

641 4037 875 4117 CLEMENS
903 4041 1032 4117 PAPA
1060 4037 1167 4118 XlV.

1132 4191 1224 4247 Roma,
1238 4193 1267 4237 to
1278 4181 1331 4247 lulli
1346 4187 1415 4234 ¹770.

375 4288 569 4368 Venerabilis,
582 4301 637 4357 etc.
650 4294 808 4374 Egregium
819 4310 896 4372 opus
904 4293 942 4353 de
950 4294 1077 4355 occultis
1086 4293 1137 4354 Dei
1149 4288 1373 4354 benefieiisael.
1384 4306 1480 4352 mem.

332 4391 499 4467 Augustino
511 4390 660 4453 cardinali
683 4388 804 4450 Valerio
826 4387 1044 4451 Predecessorc
1060 4396 1114 4452 tuo
1134 4388 1338 4468 conscriptum
1358 4405 1377 4447 a
1396 4392 1428 4447 te
1449 4386 1483 4447 in

332 4489 430 4550 lucem
448 4508 528 4551 nunc
546 4492 661 4553 editum
682 4506 762 4563 esse,
779 4495 942 4568 nostroque
960 4489 1081 4550 nemine
1102 4488 1279 4568 inscriptum
1302 4491 1368 4548 tam
1380 4483 1483 4566 ,Nono
