3194 5354
328 478 386 552 Ι242
474 494 480 507 ·
764 471 964 529 cumulemus
983 472 1048 525 XlV
1157 524 1160 529 .

324 574 498 665 ³stiraplitudo
512 574 626 651 ,dilecti
638 575 689 636 lilii
704 575 818 635 nobiles
832 575 886 635 riri
899 620 906 650 ,
920 593 958 636 eo
967 575 1101 636 firmiora
1109 575 1267 639 Catholicae
1282 585 1377 659 alque
1391 582 1475 647 avito

333 672 483 759 religimis
504 671 533 731 in
548 690 610 751 qua
626 679 708 732 sarta
729 678 808 733 tecta
822 672 933 733 tuenda
952 671 1082 748 majores
1107 672 1198 733 vestri
1214 674 1386 738 maximam
1401 679 1481 760 regni

323 771 420 839 ‘vestu
435 770 563 851 positam
579 789 644 832 osse
658 770 787 850 gloriam
802 787 920 850 semper
936 774 1137 848 putaverunt,
1161 769 1192 830 iu
1205 770 1484 856 schismatisque

322 869 551 950 ,spectatissima
562 868 670 930 xirtuts
687 874 796 948 presto
812 867 913 929 lutura
925 866 1060 947 praesidia
1073 867 1237 930 certissime
1246 868 1402 935 nmium.
1415 877 1484 938 linc

323 965 421 1037 ,vestri
433 964 541 1045 egregii
552 965 641 1025 animi
650 965 797 1044 vestrique
806 983 880 1043 erga
888 963 980 1025 divini
990 965 1089 1027 cultus
1098 963 1301 1043 integritatem
1311 968 1482 1053 smdiimcx
1541 1024 1547 1046 ,

333 1071 422 1147 amne
433 1062 601 1144 expectatio
623 1080 764 1141 magnam
783 1080 821 1121 ex
841 1061 942 1122 annno
955 1068 1059 1122 nostro
1078 1060 1215 1123 moeroris
1228 1071 1347 1144 partem
1361 1065 1483 1139 adimit,

325 1143 681 1249 Jaacsollicitudinis‚‚qua
695 1159 886 1221 vehementer
906 1157 1045 1236 angimur
1066 1158 1107 1219 ob
1128 1159 1267 1238 proxima
1278 1161 1362 1242 regni
1391 1165 1483 1227 assui

327 1258 470 1348 pernitie,
486 1264 644 1337 metusque
664 1255 756 1317 Nobis
771 1256 912 1333 injectos,
937 1272 1034 1334 neque
1062 1252 1131 1315 inde
1145 1254 1327 1319 detrimenta
1345 1259 1483 1340 religioni

327 1363 436 1443 p'estre
446 1353 642 1416 incolumitati
658 1353 758 1414 inferri
770 1352 895 1431 possint.
908 1353 969 1411 Vos
982 1350 1063 1411 enim
1075 1369 1130 1430 pro
1143 1351 1286 1432 sinfflrlari
1298 1361 1398 1420 vmtra
1412 1357 1482 1421 fidei

329 1452 528 1519 ,defendenda
544 1451 696 1513 alacritate
711 1450 749 1511 ad
759 1447 930 1528 hujusmodi
945 1449 968 1509 si
983 1468 1049 1529 quae
1063 1449 1180 1527 llerent,
1191 1453 1378 1533 repellendas
1389 1460 1482 1521 urolt.

331 1548 428 1627 tiones
438 1549 643 1631 paratissimos
664 1549 780 1609 luituros
791 1546 990 1622 confidimus,
1010 1553 1041 1606 et
1059 1548 1228 1610 Venerabili
1242 1551 1336 1613 Fratri
1346 1555 1482 1636 Juaepbo

331 1647 570 1727 archiepiscopo
589 1644 689 1725 Beryti
702 1643 857 1705 ordinario
871 1650 974 1705 nostro
990 1642 1019 1702 in
1029 1644 1154 1705 Potonia
1169 1646 1277 1709 Nuntio
1290 1651 1396 1713 omnia
1414 1668 1481 1733 qim

334 1744 450 1806 anobis
463 1742 613 1825 proticisci
629 1749 769 1822 possent,
789 1741 965 1820 adjumenta
978 1743 1174 1822 prostituens.
1188 1746 1247 1808 Etsi
1260 1755 1292 1810 et
1303 1749 1398 1813 officii
1413 1772 1481 1815 rca-

332 1844 370 1911 lri
383 1863 493 1923 causa,
509 1862 570 1922 quo
587 1842 626 1903 ad
639 1841 771 1902 diuinam
784 1840 931 1920 gloriam,
948 1857 984 1900 ac
993 1840 1163 1903 animarum
1178 1843 1305 1907 salutem
1313 1849 1478 1912 tutandam

331 1943 467 2021 adstricti
486 1943 576 2018 estis,
595 1947 626 2001 et
638 1941 676 2001 ad
697 1938 856 2020 pristinum
876 1936 1057 2017 Reipublica
1081 1947 1186 2001 vestras
1204 1940 1478 2008 decusaclaudem

331 2039 518 2123 retinendam
533 2057 586 2099 vos
610 2036 641 2098 id
654 2034 787 2098 lacturos
798 2034 922 2096 minime
932 2032 1115 2112 dubitemus,
1128 2042 1231 2099 tamen
1239 2045 1340 2103 vestra
1355 2043 1478 2123 egregia

331 2138 429 2200 studio
450 2135 657 2200 cohortatione
677 2135 769 2195 ctiam
791 2140 880 2196 notra
893 2133 1076 2210 excitamus,
1092 2143 1183 2215 atque
1194 2137 1227 2199 id
1239 2137 1341 2218 ipsum
1355 2159 1374 2203 a
1387 2143 1475 2205 vobis

329 2251 421 2312 quam
433 2233 564 2294 maxime
577 2249 739 2313 possumus
754 2228 934 2310 flagitamus.
952 2230 1090 2292 Divinam
1104 2250 1158 2293 vos
1176 2233 1371 2312 clementiam
1391 2239 1478 2301 xobia
1578 2314 1580 2318 ¹

329 2328 455 2413 mirifice
467 2329 548 2412 bunc
565 2329 595 2390 in
614 2328 740 2389 modum
760 2326 959 2389 demerituros
983 2326 1086 2402 scitis,
1104 2328 1228 2408 ejusque
1246 2332 1373 2397 tutelam
1392 2335 1476 2399 robis

329 2425 430 2511 reique
454 2435 558 2487 restrae
581 2426 707 2506 publica
729 2424 951 2487 conciliatruos.
984 2427 1111 2489 Summa
1136 2446 1174 2488 ac
1200 2429 1365 2510 singularis
1382 2434 1475 2497 etiam

322 2531 428 2589 ¹restra
445 2532 533 2585 erunt
543 2525 572 2585 in
585 2526 644 2586 Nos
655 2568 663 2600 ‚
673 2531 704 2586 et
715 2526 856 2586 Sanctam
870 2526 1076 2605 Apostolicam
1087 2527 1166 2591 banc
1175 2528 1284 2593 &dem
1295 2532 1406 2595 uerita
1417 2533 1476 2597 bac

328 2621 483 2685 excellenti
499 2623 529 2682 in
544 2620 723 2682 catholicam
737 2620 902 2683 Ecclesiam
914 2631 1024 2685 navata
1043 2642 1135 2704 opera
1145 2670 1153 2703 ,
1164 2633 1198 2689 ut
1217 2635 1363 2708 pergrata
1381 2631 1480 2695 Nobis·

328 2717 386 2778 sint
406 2715 511 2778 lutura
526 2717 765 2798 opportunitates
777 2734 899 2793 omues,
917 2717 1026 2797 quibus
1041 2720 1143 2800 palam
1160 2717 1257 2784 lacere
1272 2723 1360 2786 vobls
1374 2724 1474 2806 possi-

327 2833 393 2895 mus
413 2822 527 2897 quauta
545 2834 614 2892 ros,
634 2833 726 2894 quam
748 2814 891 2894 peculiari
910 2813 1065 2896 pontificia
1083 2818 1207 2882 caritate
1221 2821 1472 2901 complectamur.

326 2917 359 2991 lu
380 2916 466 2994 quus
480 2914 595 2996 paterni
609 2914 701 2975 nostri
717 2913 748 2973 in
763 2932 815 2973 vos
835 2913 925 2975 animi
947 2914 1133 2977 manifestius
1153 2917 1261 2996 pignus
1275 2919 1474 2998 apostolicam

326 3012 565 3075 benedictionem
579 3010 675 3089 vobis,
690 3011 790 3073 dilecti
801 3010 967 3072 liliuobiles
983 3012 1051 3088 viri,
1067 3022 1259 3093 peramanter
1267 3017 1472 3100 impertimur.

326 3113 437 3172 Datum
447 3112 562 3179 Romae,
579 3110 663 3188 apud
676 3110 709 3168 S.
725 3111 865 3184 Petram,
877 3109 929 3168 aab
944 3110 1067 3171 Annulo
1080 3111 1260 3186 Picentem,
1272 3115 1324 3178 dis
1337 3129 1356 3179 o
1367 3124 1474 3181 notu

328 3218 401 3268 1773
412 3251 420 3286 ,
428 3210 620 3287 pontificatus
632 3211 726 3267 nostri
740 3224 819 3266 anno
833 3214 952 3284 quarto.

831 3442 954 3511 CCXV.

761 3600 906 3641 nicenus
929 3599 1025 3642 auus
1144 3602 1148 3609 ’

489 3669 713 3780 uouusrru
743 3705 902 3764 onnrur
930 3705 1070 3765 anona
1098 3705 1303 3767 potorum

638 3833 677 3879 ET
693 3831 792 3879 MAGNI
809 3830 950 3878 DUCATUS
967 3830 1150 3878 LITHUANIAE

602 3935 862 4012 CLEMENS
896 3935 1028 4010 PAPA
1064 3933 1179 4010 XIV.

1074 4111 1080 4125 ·
1114 4083 1323 4143 Bonasamson
1336 4087 1407 4135 1778.

365 4200 489 4266 Dilecti,
508 4200 565 4255 etc.
580 4192 839 4266 Quemadmodum
856 4195 1034 4257 fortissimos
1053 4195 1132 4255 viros
1145 4193 1275 4271 majores
1291 4199 1409 4255 vestros
1425 4194 1470 4256 in·

323 4293 456 4353 credibili
478 4291 577 4354 studio
598 4291 756 4353 Catholice
771 4294 842 4354 fidei
857 4294 1094 4355 incolumitatem
1117 4309 1236 4372 semper
1249 4307 1312 4353 esse
1335 4298 1467 4367 tutatos,

324 4396 412 4467 atque
425 4390 457 4451 iu
470 4408 505 4450 ea
519 4388 703 4451 defendenda
718 4391 882 4450 maximam
897 4409 983 4450 suam
998 4388 1118 4450 larrdcm
1136 4395 1226 4468 atque
1249 4385 1358 4448 inclitae
1373 4388 1470 4449 natio

322 4486 369 4547 nis
385 4491 487 4563 vestre
504 4486 629 4564 gloriam
644 4487 773 4567 positam
798 4486 956 4547 arbitratos
977 4505 1041 4548 esse
1065 4486 1194 4561 scimus,
1216 4485 1256 4575 ita
1274 4502 1350 4561 sos,
1368 4484 1475 4567 dilecti
