3194 5354
315 501 368 551 250
742 487 946 543 stabilitus
964 486 1030 543 xlv

319 597 475 679 singularis
488 605 539 658 tua
549 594 661 675 pietas,
675 593 732 652 hoc
744 591 835 651 divini
850 592 948 652 cultus
962 589 1062 653 ardor.
1075 588 1132 650 hoc
1142 589 1258 669 imperii
1268 588 1416 668 dignitas,
1432 597 1462 650 et

312 713 420 757 nomen
442 693 524 773 quod
546 690 674 751 sustines
696 688 840 768 postulat.
860 686 948 746 Nulla
962 705 994 746 re
1010 686 1145 765 profecto
1165 686 1272 747 melius
1291 692 1349 745 tua
1370 692 1463 764 atquc

311 790 535 870 augustissima
547 796 605 851 tuae
615 790 727 851 Domus
734 785 867 849 felicitati
881 784 1007 858 consuli,
1024 802 1059 845 ac
1068 781 1216 863 provideri
1230 782 1283 843 abs
1299 789 1328 841 te
1337 781 1462 861 poterit.

311 889 342 948 Si
354 888 434 949 enim
448 888 498 947 Dei
519 884 663 951 Altissirni
676 882 865 964 providentia
883 900 917 945 aa
945 887 1020 943 nutu
1038 898 1159 961 regum,
1174 898 1398 961 ragrrorruuqua
1414 898 1465 940 res

311 991 342 1046 ct
359 990 524 1059 mutantur,
540 988 571 1042 et
584 982 778 1056 sustinentur,
797 998 864 1059 qua
877 979 976 1058 potior
994 976 1086 1041 divini
1103 976 1283 1043 conciliandi
1299 975 1462 1056 patrocinii

313 1080 370 1141 erit
383 1078 461 1140 ratio
471 1123 478 1153 ,
489 1094 582 1161 qnam
594 1077 618 1139 si
629 1095 702 1161 opes
714 1095 750 1137 ac
763 1074 930 1158 potentiam
945 1074 1022 1134 illins
1036 1072 1184 1136 beneficio
1198 1080 1337 1153 acceptas
1350 1072 1382 1132 in
1393 1072 1462 1149 ejus

312 1175 405 1237 ctiam
423 1172 533 1235 tuenda
551 1173 647 1253 gloria
660 1172 822 1248 adhibeas,
844 1172 984 1251 illamque
1000 1171 1091 1237 rebus
1109 1169 1250 1235 omnibus
1272 1168 1420 1231 anteferre
1433 1175 1464 1229 ta

314 1271 503 1353 profiteare?
524 1272 664 1350 Magnam
683 1269 737 1331 tibi
765 1269 949 1331 alacritatem
974 1269 1012 1330 ad
1035 1269 1114 1331 hanc
1142 1267 1292 1347 egregiam
1317 1265 1460 1344 religioni

314 1367 485 1430 navandam
494 1385 619 1448 operam
632 1366 753 1444 adjiciat
762 1367 853 1427 etiam
872 1364 1013 1444 cogitatio
1024 1364 1145 1426 infinita
1158 1382 1193 1424 ac
1205 1363 1358 1424 immense
1372 1361 1462 1423 cala-

313 1465 428 1529 mitatis
447 1483 512 1548 qua
531 1464 730 1544 autncglacta
744 1463 823 1527 illius
840 1462 950 1539 tutela,
975 1468 1027 1525 aut
1046 1460 1215 1523 rainiasiore
1228 1477 1324 1539 quam
1339 1475 1464 1521 uacasse

313 1567 380 1625 erat
388 1559 489 1623 studio
497 1559 628 1642 prestita
637 1559 723 1623 tante
731 1566 809 1621 asset
821 1557 1026 1621 redundatura
1033 1576 1105 1621 cum
1115 1557 1196 1621 malo
1206 1557 1238 1617 in
1248 1555 1313 1621 dies
1317 1555 1465 1634 gliscente

315 1675 377 1722 aaa
395 1657 495 1721 solum
512 1657 551 1719 de
569 1654 791 1733 imminuendo,
812 1674 848 1718 ac
859 1654 1061 1731 debilitando,
1081 1653 1135 1717 sad
1156 1653 1195 1715 de
1208 1652 1312 1719 divino
1324 1651 1410 1718 cultu
1422 1652 1464 1713 vin

306 1755 534 1823 ‚florentissimis
553 1762 641 1819 antea
654 1754 794 1819 Fcalesia
807 1753 978 1834 regionibus
988 1752 1114 1817 omnino
1129 1749 1273 1826 delendo,
1291 1754 1466 1828 eapropte-

314 1873 366 1919 rea
379 1855 418 1917 de
430 1861 541 1919 muna
557 1853 819 1919 innumerabilium
833 1853 1002 1917 animarum
1016 1849 1197 1913 incurranda
1210 1845 1354 1929 parmam
1369 1852 1464 1924 atquc

313 1969 449 2015 arumna
461 1950 560 2014 timeri
572 1951 677 2032 possit.
693 1952 769 2015 tlum
781 1957 882 2013 mcum
897 1950 962 2030 ipsa
979 1947 1133 2029 reputabis
1146 1945 1198 2026 qui
1213 1944 1305 2007 animi
1321 1960 1464 2022 angores,

315 2067 381 2131 qun
393 2047 582 2113 conscientia
596 2054 654 2113 tua
667 2047 881 2114 sollicitudines
895 2054 1014 2126 essem,
1028 2047 1052 2111 si
1072 2045 1233 2126 aliquando
1250 2045 1297 2109 vel
1310 2043 1464 2109 latissima

315 2145 463 2211 dubitatio
488 2146 617 2210 residere
642 2145 671 2209 in
698 2153 729 2208 ta
755 2153 875 2227 posset,
902 2163 941 2207 nc
969 2163 1029 2218 aa,
1052 2160 1129 2223 quas
1155 2138 1464 2207 commemoravimus
1589 2159 1592 2165 ·

316 2243 446 2308 Polonia
458 2243 647 2307 calamitates
658 2262 677 2306 a
688 2243 827 2323 prasenti
848 2241 926 2303 illins
946 2247 1047 2316 statu,
1066 2257 1102 2301 aa
1119 2254 1222 2300 rarum
1240 2233 1464 2309 vicissitudine,

315 2348 368 2403 aut
376 2360 481 2405 exnon
491 2348 763 2423 suscepto,quruta
770 2340 903 2405 maxima
913 2357 999 2416 cara,
1012 2345 1100 2417 atquc
1109 2333 1465 2414 ndusuiasuacipipote

315 2444 363 2501 rat
374 2438 525 2521 religionis
537 2438 704 2520 panoeinio
722 2437 904 2514 derivarint,
919 2436 1022 2499 scdulo
1040 2455 1076 2499 aa
1089 2434 1205 2498 naviter
1222 2434 1377 2497 amovebis
1395 2452 1464 2514 pro·

316 2534 396 2596 secto
407 2536 697 2616 omneshujusmodi
714 2536 818 2613 ettui,
836 2542 868 2599 ct
891 2535 983 2599 nostri
1006 2535 1142 2599 muroris
1160 2551 1288 2608 camna,
1312 2538 1344 2595 et
1358 2532 1461 2594 diuina

315 2632 411 2713 gloria
427 2638 540 2695 aaerta
554 2633 911 2715 perpetuajucunditatis
925 2632 980 2697 tibi
998 2632 1114 2699 tructus
1128 2629 1333 2711 comparabis.
1362 2632 1459 2691 naun

314 2730 469 2813 Optimum
481 2729 645 2793 Maximum
667 2749 838 2812 pacamur,
854 2737 888 2797 ut
909 2731 940 2792 iu
962 2730 1010 2793 bis
1030 2729 1184 2808 religioni,
1209 2735 1300 2808 atque
1321 2725 1464 2791 &claim

315 2827 545 2908 pemecessariis
571 2827 626 2891 tibi
655 2827 847 2907 utilissimis,
876 2828 992 2909 sibique
1025 2826 1238 2907 acceptissimis
1266 2823 1458 2906 perficiendis

314 2924 445 2989 consiliis
455 2943 517 2991 suae
529 2924 656 2993 coelestis
664 2926 767 3007 pratia
785 2927 896 2991 auxilio
913 2926 1060 3004 Maiestati
1076 2927 1149 2987 Tua
1162 2932 1271 3006 prosto
1284 2943 1352 2988 essa
1364 2926 1437 2989 velit
1453 2950 1462 2986 ε

313 3027 345 3083 et
366 3020 535 3087 diviumum
558 3021 773 3087 beneficiorum
793 3022 945 3103 auspicem
965 3040 1002 3083 ac
1015 3019 1178 3084 Pontificio
1199 3020 1361 3100 singularis
1385 3021 1418 3085 in
1430 3029 1462 3084 te

313 3117 446 3185 ematis
458 3119 566 3205 pignus
580 3118 777 3202 apostoticam
785 3118 1100 3196 benedictionemtlbi,
1113 3136 1149 3181 ac
1163 3118 1307 3184 universa
1321 3121 1465 3199 Appula

314 3215 422 3279 Domui
435 3216 637 3281 amantissime
650 3216 850 3299 impartimur.
865 3218 981 3281 aarum
994 3219 1107 3289 Boura,
1118 3219 1200 3297 opud
1213 3220 1246 3283 S.
1263 3221 1390 3284 Petrum
1403 3221 1461 3281 aab

315 3312 622 3390 nanatopacators,
632 3314 727 3375 dieta
737 3318 841 3376 martit
853 3325 940 3390 trra,
949 3318 1143 3393 pontificatus
1151 3321 1332 3381 autricum
1340 3325 1465 3398 punto.-

813 3554 953 3625 ccxxi.

571 3713 735 3759 csarssrrro
754 3711 788 3756 rr
810 3712 946 3757 caarsro
969 3712 1060 3757 riam
1083 3713 1201 3761 rosrro

437 3820 621 3882 VICTORIO
640 3819 803 3883 AMADEO
823 3818 1134 3881 scanlaudam
1153 3816 1333 3880 latusim

619 3940 853 4018 CLEMENS
880 3941 1010 4025 PAPA
1037 3940 1144 4019 XIV.

1076 4093 1175 4150 Roma,
1191 4093 1218 4143 27
1231 4088 1313 4141 martii
1326 4090 1397 4137 tm.

358 4203 517 4265 &nasim
525 4246 533 4274 ,
541 4207 599 4262 etc.
609 4199 745 4280 Diligenti
756 4219 792 4263 ac
800 4198 1013 4263 seduladilecti
1022 4199 1073 4263 lilii
1082 4197 1235 4263 Laurentii
1243 4196 1357 4264 Marulli
1368 4215 1466 4278 opera

318 4299 362 4359 usi
379 4317 483 4363 summ
497 4299 526 4361 in
540 4298 646 4375 rebus,
666 4316 732 4377 qua
744 4304 851 4360 nostra
866 4304 897 4359 et
909 4297 1000 4376 hujus
1015 4299 1047 4361 S.
1070 4297 1154 4358 Sedis
1173 4296 1369 4370 interessent,
1391 4313 1465 4357 cam

315 4397 354 4457 cl.
370 4413 463 4457 mem.
478 4398 583 4459 Carolo
594 4397 757 4460 Emanuele
767 4394 909 4459 Sardinia
923 4397 1002 4474 Rege
1015 4402 1103 4475 patra
1121 4401 1174 4454 tuo
1189 4391 1461 4455 communicandis.

316 4492 380 4562 0¹¹⁰
401 4509 523 4553 munere
537 4511 573 4554 ea
592 4511 663 4553 curn
677 4491 765 4553 laude
779 4498 825 4552 est
849 4490 897 4552 ille
911 4491 1034 4579 quidem
1051 4489 1242 4571 perfunctus,
1262 4495 1296 4551 ut
1309 4494 1341 4550 et
1355 4488 1462 4569 optimi
