3194 5354
472 460 656 518 EPlSTOLAE
674 460 720 515 ET
739 459 873 516 asevis
891 460 1123 518 satistione.
1337 471 1372 522 41

226 574 257 634 11
271 571 326 649 iis,
348 587 414 651 ques
428 567 468 629 iid
480 570 575 631 1111111
590 572 675 643 1111,
696 572 889 647 1111111111
903 566 1078 648 interpretes
1102 585 1138 629 ae
1152 570 1296 650 sequestri
1311 571 1373 634 suis

225 669 387 747 conjuncta
398 663 539 747 1111111111
552 662 689 726 omnium
702 668 774 725 vota
786 663 915 725 Domino
925 669 1161 744 representant‘i

263 767 334 828 1111
352 781 424 827 raro
440 767 558 824 ceteris
568 760 728 843 pastoislis
741 758 832 822 officii
846 765 947 840 partes
961 759 1134 841 diligentius
1146 760 1374 843 1111111111-

225 879 290 924 aere
309 876 566 943 supervoccneum
576 858 727 921 ducimus.
740 856 817 934 Quid
836 857 918 921 enim
931 857 1049 936 singula
1061 856 1288 948 persequamur,
1301 878 1374 923 vos-

224 977 284 1039 que
296 957 336 1020 da
347 957 385 1020 iis
396 957 604 1034 cohortemur,
616 972 746 1038 quorum
762 953 956 1034 intelligentia
972 950 1117 1035 preclare
1133 953 1296 1017 instructos
1306 973 1373 1018 esse

224 1054 378 1131 novimus,
395 1052 540 1115 diuturno
549 1052 671 1133 insuper
685 1069 761 1130 usu,
776 1051 965 1134 etqaedam,
979 1050 1072 1113 enimi
1088 1050 1262 1113 inductione
1272 1058 1374 1115 vestro

224 1151 341 1214 inuneri
366 1155 568 1214 concentones
591 1149 806 1213 confirmatost
827 1148 903 1212 liliid
928 1149 1140 1212 tantummodo
1163 1165 1226 1211 non
1248 1149 1373 1212 oniitte-

223 1265 309 1326 mus,
335 1253 371 1310 ut
386 1266 448 1329 quo
464 1265 526 1310 uno
546 1246 760 1328 comprehendi
778 1247 881 1310 omnis
896 1245 1062 1326 oiedimua,
1079 1246 1165 1310 vobis
1179 1251 1248 1309 ante
1267 1247 1373 1311 ocilos

224 1362 284 1406 non
295 1344 507 1424 subjiciamus,
518 1350 651 1407 vesti-sm
665 1342 779 1405 scilieet
790 1342 932 1406 1111111111
945 1344 1110 1406 excitantes
1120 1343 1160 1405 ad
1173 1342 1259 1404 ducis
1276 1344 1373 1406 nostri

225 1459 261 1502 ac
273 1446 430 1522 pastorum
449 1440 593 1523 principis
603 1438 840 1502 consectandum
853 1439 885 1501 in
897 1440 1039 1502 ommbus
1049 1439 1214 1520 exemplar,
1228 1444 1318 1520 atque
1331 1439 1373 1501 il-

224 1536 277 1598 lud
290 1536 473 1615 sanctitatis,
494 1536 648 1615 11111111,
667 1535 847 1598 humilitatis
865 1535 1018 1618 specimen
1029 1535 1061 1597 iii
1076 1535 1162 1598 vobis
1175 1534 1248 1617 ipsis
1267 1535 1377 1617 cipis,

225 1633 379 1696 mendum.
395 1634 427 1696 Si
440 1634 521 1697 enim
536 1634 586 1696 ille
598 1653 669 1697 cum
680 1634 776 1696 Patria
791 1632 838 1696 sui
849 1633 953 1714 glorie
963 1632 1103 1714 splendor
1114 1639 1211 1712 esset,
1225 1639 1258 1696 et
1274 1634 1372 1714 ligura

224 1731 398 1794 substantie
410 1731 492 1811 ejus,
504 1737 658 1812 assiunpta
669 1731 768 1794 carnis
780 1737 891 1795 nostrai
904 1731 1080 1793 infirmitate
1092 1730 1230 1793 homines
1244 1749 1262 1792 a
1275 1733 1371 1794 servi-

223 1835 287 1890 tute
299 1847 355 1911 per
365 1829 568 1891 humilitatem
579 1835 610 1890 11
620 1828 778 1891 1111111111
786 1827 954 1890 vindicatos
964 1827 997 1889 in
1007 1827 1060 1889 Dei
1077 1827 1156 1890 tilios
1173 1827 1327 1908 adoptari,
1339 1835 1371 1890 et

222 1925 393 1988 coheredes
403 1943 476 1987 suos
489 1924 554 1986 11111
568 1923 678 2000 voluit,
690 1941 823 2005 quanam
840 1925 872 1985 iii
890 1942 923 1986 ie
938 1923 1115 2004 gloriosius,
1128 1942 1164 1987 ac
1180 1926 1371 2006 prestantius

222 2021 419 2100 cogitationes
428 2065 438 2099 ,
447 2027 478 2082 et
488 2021 607 2084 labores
616 2022 710 2084 nostri
722 2022 835 2084 versari
850 2027 992 2102 possunt,
1006 2039 1100 2102 quain
1117 2028 1152 2084 ut
1161 2022 1253 2101 hujus
1267 2023 1373 2087 homi-

143 2179 147 2188 ,
223 2134 297 2178 num
318 2135 390 2178 cuin
404 2115 521 2178 Christo
541 2117 776 2195 conjunctionis,
802 2134 839 2179 ae
854 2117 1083 2179 necessitudinis
1100 2118 1218 2180 tueudae
1232 2125 1371 2182 auctores

223 2211 329 2274 ceteris
341 2212 454 2290 simus,
466 2211 520 2274 et
511 2229 542 2272 iu
553 2210 605 2273 illa
616 2211 762 2273 imitanda
770 2211 926 2290 honitatis,
937 2212 1121 2292 clementie,
1131 2215 1371 2278 mansuetudinis

223 2307 324 2370 divina
337 2307 436 2371 forma
449 2307 586 2390 meriplo
600 2314 706 2370 111111
718 2308 861 2370 omnibus
872 2308 970 2372 lacem
983 2310 1199 2419 praelaromust
1211 2314 1277 2386 Qua
1289 2313 1375 2375 enini·

223 2404 281 2466 1111
293 2405 410 2467 ratione
423 2423 514 2487 super
531 2410 666 2467 montem
677 2403 830 2467 excelsum
846 2404 983 2466 aseendit
990 2406 1067 2486 ,qui
1082 2407 1265 2488 evengelizat
1276 2409 1372 2471 Sion?

222 2500 315 2562 Vobis
328 2499 419 2580 hujus
433 2499 641 2563 consectandis
655 2499 857 2562 similitudinis
874 2500 1024 2564 desiderio
1044 2504 1168 2566 seinai
1160 2505 1288 2568 incensis
1304 2507 1370 2569 tieri

222 2616 282 2660 nou
296 2605 412 2679 potest,
425 2599 500 2682 quin
511 2599 592 2662 idem
603 2599 695 2661 ardor
707 2597 746 2660 ad
759 2597 849 2661 vestri
860 2599 990 2662 universi
1010 2601 1114 2681 populi
1128 2609 1244 2664 mentes
1257 2604 1371 2686 ‘contla-

221 2695 350 2773 graudas
361 2695 508 2759 dimanet.
530 2697 656 2760 ldiritioa
666 2695 815 2777 siquidem
833 2697 963 2777 pastoris
977 2697 1022 2759 vis
1040 2704 1086 2760 est
1103 2704 1194 2780 atque
1207 2701 1374 2763 auctoritas

222 2791 319 2854 adsui
334 2795 432 2874 gregis
444 2794 561 2858 animos
578 2795 822 2858 commovendos.
835 2795 974 2869 Quicum
989 2795 1068 2856 illius
1081 2796 1279 2875 cogitationes
1287 2843 1296 2875 ,
1316 2815 1374 2859 ao-

221 2889 377 2970 tiouesque
387 2910 493 2953 omnes
504 2891 544 2954 sd
556 2892 617 2953 hoo
625 2909 704 2953 veria
712 2891 831 2953 virtutis
841 2891 994 2970 specimen
1001 2890 1205 2953 contormaios
1215 2893 1373 2969 noverint,

222 3002 293 3045 cum
306 2985 338 3046 in
348 2987 400 3048 illo
408 2987 482 3049 nihil
494 3004 650 3067 aspemm,
665 2985 740 3046 nihil
752 3003 912 3066 arrogans,
927 2986 1002 3046 nihil
1010 2987 1139 3062 elatum,
1150 3005 1255 3048 verum
1268 2989 1370 3051 omnia

222 3080 372 3160 cantatis,
383 3082 639 3159 mensuetudinis,
653 3081 832 3142 humilitatis
843 3080 951 3142 officiis
962 3082 1051 3160 plena
1061 3081 1207 3159 viderint,
1222 3090 1288 3144 tum
1299 3101 1374 3147 vero

223 3178 369 3240 acerrime
384 3178 423 3240 ed
441 3177 563 3240 easdem
576 3176 761 3240 aemulandcs
773 3175 879 3238 laudes
889 3176 1031 3239 incitatos
1043 3195 1109 3239 sese
1125 3178 1264 3241 sentiant.
1287 3182 1374 3245 Pro-

222 3281 305 3336 terea
324 3293 396 3337 cuin
407 3275 537 3337 eundem
549 3275 648 3338 omnis
657 3275 781 3356 private
792 3274 929 3336 uh'litatis
946 3275 1090 3354 oblitum,
1105 3280 1273 3338 ceterorum
1287 3295 1371 3341 oom-

222 3372 320 3435 inodis
332 3373 560 3452 inservientem,
571 3373 679 3454 opihis
691 3379 827 3453 agentes,
837 3373 946 3436 solatio
956 3373 1099 3451 afflictos,
1112 3374 1252 3437 doctii’no
1261 3377 1368 3457 rudes,

223 3487 328 3532 omnes
341 3469 461 3548 officio,
475 3469 619 3547 11111111,
630 3469 743 3551 pietate
754 3470 977 3549 sublevantem,
987 3470 1091 3553 populi
1102 3469 1231 3553 denique
1242 3474 1374 3537 salutern

223 3584 285 3628 siim
295 3566 390 3647 ipsius
407 3566 476 3630 viia
488 3566 695 3648 preferentem
704 3565 885 3648 intelligent,
899 3567 958 3629 hoc
969 3567 1098 3649 pastoris
1108 3567 1155 3629 sui
1169 3586 1288 3645 amore,
1302 3579 1371 3631 stu-

222 3664 290 3744 dio,
313 3684 349 3728 ac
373 3666 533 3729 sedulitate
554 3665 643 3727 illecti
665 3665 861 3730 libentissime
876 3667 1027 3745 docentis,
1051 3667 1253 3740 cohortantis,
1277 3667 1371 3730 ohse-

222 3762 344 3841 crantis,
357 3763 510 3844 arguentis
522 3763 628 3841 etiam,
642 3769 733 3846 atquc
745 3765 928 3846 incroiiiiiitis
941 3782 1031 3827 voees
1045 3763 1177 3825 audient
1191 3765 1268 3825 Nam
1281 3763 1305 3826 si
1317 3766 1370 3846 qui

222 3861 406 3942 privatarum
416 3879 520 3925 rerum
537 3860 703 3942 cupiditate
715 3862 852 3925 obstricti
873 3862 947 3940 sint,
961 3881 996 3924 ao
1010 3867 1129 3923 terrena
1139 3861 1248 3924 divinis
1267 3861 1371 3943 prde-

222 3966 307 4038 raot,
321 3980 384 4043 quo
396 3967 486 4043 paeto
500 3967 643 4041 poterunt
654 3960 730 4022 alios
744 3960 783 4022 ad
797 3959 849 4022 Dei
860 3959 1035 4036 caritatem,
1050 3977 1087 4020 ac
1098 3965 1237 4021 mutuam
1250 3959 1326 4020 inter
1338 3976 1369 4020 se

223 4057 477 4135 benevolentiam,
498 4057 624 4134 divitiis,
637 4057 858 4138 voluptatibus,
873 4055 1038 4119 honoribus
1050 4057 1199 4118 inhiantes
1211 4055 1251 4116 ad
1267 4074 1370 4119 rerum

222 4153 425 4218 humanarum
435 4162 659 4236 contemptum,
673 4155 753 4219 sustu
769 4174 806 4217 ac
818 4156 959 4236 superbia
971 4156 1041 4218 eluti
1055 4156 1094 4217 ad
1108 4151 1369 4216 mansuetudinem

224 4257 312 4331 atque
323 4251 524 4315 humilitatem
533 4253 695 4314 induceret
705 4256 739 4315 ln
748 4256 820 4317 iesu
828 4253 934 4316 Christi
946 4255 1036 4334 igitur
1045 4252 1203 4332 disciplina
1212 4251 1368 4315 erudiendi

225 4350 411 4428 populicum
432 4369 542 4414 munus
557 4351 626 4413 sita
649 4353 734 4414 vobis
756 4359 947 4434 susceptum,
967 4353 999 4412 in
1019 4351 1154 4428 ejusdem
1177 4350 1368 4431 potissimum

225 4446 400 4527 sanctitate,
420 4448 607 4527 innocentia,
632 4449 754 4511 lenitate
768 4450 853 4511 vobis
865 4451 922 4511 erit
941 4448 1155 4510 inherendum.
1177 4452 1256 4512 Tiun
1269 4455 1367 4512 vestra
