3194 5354
757 504 959 560 mensuris
975 505 1041 559 xiv

816 661 983 731 CCXVIII.

741 810 932 855 venenantur
954 809 1065 851 ruam

446 902 648 967 tosurflo
675 899 1044 989 ‚Inafltuptscoru
1075 899 1355 976 castrensi,

527 1016 570 1062 AD
586 1014 779 1064 cunrsslremt
795 1014 828 1061 III
845 1012 981 1063 casuro
996 1011 1110 1060 ammte
1125 1011 1275 1060 NOSTRUM

475 1101 668 1153 erItlstrunr
684 1102 853 1151 uuaosrmt
869 1101 1016 1150 POLOMAE
1031 1099 1138 1150 REGE!
1154 1099 1331 1148 mausum

573 1188 697 1237 NOSTBO
711 1189 751 1236 ET
767 1189 855 1236 suuis
870 1188 1075 1238 apostatica
1089 1187 1221 1247 numu,

639 1273 874 1356 CLEMENS
901 1277 1029 1355 ΡΑΡΑ
1056 1273 1164 1352 XIV.

1094 1400 1193 1458 Romu,
1209 1397 1328 1449 remedi
1343 1403 1413 1449 177³.

375 1487 576 1556 Venerabilis,
590 1493 648 1548 elo.
664 1488 740 1549 Cum
762 1487 912 1551 Varsuvia
927 1487 1011 1549 brevi
1028 1482 1209 1549 celebranda
1230 1486 1343 1551 indicta
1364 1488 1479 1555 fuerint

328 1597 413 1652 extra
426 1584 562 1649 ordinem
579 1586 730 1668 generalia
744 1585 838 1666 Regni
858 1584 981 1648 comitia
1004 1583 1042 1679 ad
1057 1583 1239 1669 Reipublirn
1252 1585 1373 1667 negotia
1394 1593 1481 1653 truo-

330 1685 422 1751 tauda
430 1731 441 1763 ,
453 1684 483 1746 in
497 1682 658 1764 quibus-de
678 1684 768 1747 rebus
790 1683 828 1745 ad
850 1681 1027 1762 reIIgionem
1042 1681 1135 1745 etiam
1152 1682 1358 1763 spectantibus
1371 1691 1480 1749 actum

329 1783 364 1847 rt
376 1781 560 1862 accepimus3
575 1798 696 1843 necesse
709 1781 945 1858 essedarium,
959 1786 995 1849 ut
1004 1779 1077 1842 inihi
1088 1779 1194 1861 utque
1204 1780 1293 1858 oda't,
1303 1781 1356 1862 qui
1371 1791 1480 1849 nosue

330 1893 361 1948 et
374 1882 553 1966 apostolice
567 1879 652 1943 Sedis
670 1879 791 1963 speciali
804 1877 943 1941 suffultus
966 1877 1145 1941 auctoritate
1165 1895 1257 1943 omne
1278 1878 1425 1958 audium,
1443 1891 1480 1945 et

332 1999 456 2067 operam
482 1978 652 2060 impendat,
675 1996 713 2041 ne
734 1976 856 2058 aliquod
876 1976 906 2040 in
928 1974 1035 2038 iisdem
1057 1973 1205 2052 comitiis,
1228 1975 1275 2038 vel
1295 1993 1402 2041 eorum
1421 1995 1480 2041 oo-

331 2078 472 2154 cesione,
503 2083 555 2139 aut
584 2077 615 2138 in
646 2075 822 2140 eorumdem
850 2074 1021 2156 sequelam,
1051 2072 1114 2137 sive
1139 2073 1298 2138 Gutlmboe
1324 2075 1477 2155 religioni,

330 2172 392 2237 sive
414 2170 560 2247 lirertni,
573 2179 603 2233 et
614 2169 812 2250 jurisdictioni
831 2169 1052 2247 ecclesiastica,
1068 2168 1130 2232 sive
1148 2168 1273 2233 denam
1287 2171 1405 2236 Suada
1419 2171 1478 2236 oe-

329 2268 377 2333 dis
387 2315 396 2347 ‚
414 2275 444 2330 et
462 2267 636 2334 interiorum
656 2266 849 2332 scelestarum
862 2265 982 2346 juribus
1003 2267 1210 2351 praejudicium
1228 2269 1384 2337 inferatur.
1400 2271 1476 2337 iliae

328 2374 394 2446 est,
407 2367 489 2448 quod
501 2367 562 2430 Nos
582 2385 620 2428 ex
640 2365 793 2431 commissi
810 2363 903 2429 Nobis
922 2362 1064 2429 divinitus
1081 2364 1240 2448 pastoralis
1263 2366 1355 2430 cilicii
1375 2367 1477 2433 debito

285 2519 288 2522 ,
328 2462 504 2528 orthodoxa
514 2461 584 2525 fidei
599 2458 787 2527 indemnitati
801 2467 970 2543 opportune
985 2461 1159 2545 providere,
1171 2462 1477 2546 sediaquepradirtre,

329 2565 360 2618 et
372 2558 510 2623 Ecclesia
516 2559 586 2636 jura
599 2565 681 2620 sarta
693 2564 773 2621 tecta
782 2558 983 2640 undequaque
994 2559 1083 2637 ureri,
1092 2567 1122 2621 et
1130 2559 1272 2624 adversus
1281 2580 1478 2647 quecumque

328 2653 387 2717 illis
412 2653 641 2736 praejudicialis,
663 2662 811 2734 quantum
832 2654 924 2718 Nobis
946 2674 984 2719 ex
1007 2656 1067 2718 alto
1088 2656 1275 2737 eoncedbur,
1308 2666 1480 2726 acuuntur

328 2756 463 2812 avertere
473 2750 626 2832 cupientes
635 2775 645 2830 ;
655 2759 701 2828 te,
715 2751 754 2814 de
769 2752 857 2832 cujus
871 2753 1046 2835 speetatain
1057 2752 1159 2817 arduis
1177 2754 1289 2819 nostris
1301 2764 1333 2818 et
1343 2756 1481 2840 eiusdem

329 2848 415 2915 Sedis
425 2849 552 2932 negotiis
566 2848 744 2923 uastandis,
757 2849 832 2928 tide,
845 2850 1024 2935 madentia,
1041 2858 1072 2913 et
1086 2851 1274 2933 integritate,
1288 2853 1478 2935 munau,

329 2967 365 3013 ac
379 2949 443 3015 zelo
456 2949 621 3035 plurimum
633 2949 663 3011 in
672 2949 800 3015 Domim
814 2949 957 3014 fiduciam
969 2949 1138 3028 habemus,
1152 2956 1291 3017 nostrum
1302 2957 1334 3013 et
1343 2951 1479 3033 ejudem

329 3052 550 3130 Sedunorum,
567 3050 735 3133 legitimum
756 3058 787 3114 et
808 3051 1013 3115 indubitatum
1036 3056 1281 3132 procuratorem,
1299 3057 1436 3117 actorem
1449 3062 1482 3117 et

332 3147 522 3229 negotiorum
538 3155 688 3228 gestorem
707 3147 879 3228 generalem
897 3155 928 3208 et
944 3145 1124 3227 specialem,
1144 3146 1187 3210 ita
1205 3145 1288 3233 quod
1307 3146 1479 3231 spedulitus

329 3248 518 3329 generalitati
527 3266 589 3310 uon
602 3247 745 3327 deroget,
761 3263 818 3309 nec
832 3251 986 3324 econtra,
1001 3243 1181 3309 auctoritate
1191 3242 1358 3329 apostolica
1369 3254 1478 3309 auore
1521 3287 1524 3290 -
1550 3269 1555 3281 ·

327 3346 519 3427 presentium
538 3344 681 3422 facimus,
700 3343 912 3411 constituimus
924 3347 956 3404 et
975 3341 1171 3422 deputamus,
1183 3340 1298 3423 tibique
1307 3340 1428 3425 mom
1443 3349 1479 3403 et

327 3441 454 3505 liberam
472 3446 669 3522 potestatem,
692 3439 902 3505 auctoritatem
919 3445 950 3501 et
972 3437 1165 3518 facultatem,
1185 3455 1279 3523 quum
1292 3436 1383 3501 edam
1396 3435 1477 3515 aliie,

327 3546 419 3622 prout
430 3539 485 3603 tibi
499 3543 704 3623 opportunum
717 3537 882 3615 videbitur,
894 3534 1133 3615 communicare,
1146 3535 1338 3619 subdelegato
1352 3533 1474 3612 talem

327 3640 442 3719 omum,
454 3647 487 3702 et
498 3634 627 3723 singula,
640 3657 706 3720 qua
719 3636 811 3715 iniis,
826 3653 892 3719 qua
901 3634 955 3700 tui
968 3635 1088 3698 aNobis
1099 3630 1404 3711 communionum,
1420 3633 1480 3697 Ga·

328 3736 798 3818 tholicereligIonis‚ltpostoliea
805 3733 1240 3812 Sedis‚etEocIeeiaservitium
1247 3730 1480 3816 mansuum

322 3831 513 3923 *necessaria
525 3851 579 3894 seu
593 3831 821 3914 quomodolibet
831 3836 1002 3912 opportuna
1012 3829 1132 3905 ruant,
1147 3830 1267 3894 etiamsi
1281 3827 1355 3894 telio
1364 3827 1478 3906 iorem,

326 3949 394 4014 quae
404 3929 461 3992 sub
481 3928 614 4010 generali
630 3928 824 3992 concessione
839 3927 1068 4001 convenirent,
1082 3926 1480 4008 mswmumnotamsteu

328 4026 459 4110 speciale
472 4024 652 4089 mandatum
662 4025 866 4105 requirerent,
881 4031 986 4088 nostro
1001 4031 1032 4087 et
1045 4023 1129 4090 Sedis
1146 4022 1278 4105 prelatus
1291 4022 1414 4089 nomiae
1430 4021 1480 4087 lu-
1523 4032 1534 4041 '

327 4125 440 4205 modi,
453 4123 577 4208 gerendi
591 4129 622 4185 et
635 4121 800 4204 exequendi
818 4122 928 4187 harum
950 4121 1027 4187 serie
1047 4122 1209 4189 tribuimus
1223 4130 1254 4187 et
1273 4121 1479 4201 inspartimur.

331 4223 398 4285 Non
412 4221 602 4285 obstantibus
616 4219 895 4297 constitutionibus,
914 4227 945 4282 et
962 4219 1199 4285 ordinationibus
1217 4216 1401 4301 spatulum,
1422 4237 1480 4281 ce-

325 4317 456 4399 terisque
476 4317 635 4381 contrariis
653 4317 905 4398 quibuscumque.
927 4319 1042 4379 Datum
1059 4319 1176 4388 Runa,
1193 4316 1279 4396 opud
1291 4315 1322 4377 S.
1345 4316 1479 4377 llariaee

325 4415 487 4491 ‚pejorem
508 4418 561 4477 sub
578 4416 701 4477 Annulo
721 4416 900 4483 Piscatores,
919 4414 968 4473 elie
990 4426 1024 4475 Io
1046 4418 1149 4476 euertit
1174 4414 1479 4493 117³,poulifiealtt

325 4516 424 4572 nostri
437 4530 516 4572 auno
528 4519 645 4589 quarto.
