3194 5354
315 489 368 541 248
742 480 944 536 waaris
962 480 1029 534 XlV

314 587 550 663 intermittimus,
561 585 1036 666 atqueeniredeprecariillumut
1044 583 1221 647 misereatur
1230 585 1468 650 uadonbnere,
1588 624 1591 633 ι

315 684 424 764 ligione
439 699 558 763 semper
566 681 679 763 optime
691 682 814 758 merita,
826 689 858 744 et
866 681 993 761 integra,
1004 685 1095 761 atque
1104 678 1247 742 incolumi
1257 678 1353 742 divini
1366 682 1469 744 cultus

314 781 475 844 sanctitate
488 786 606 844 servata
623 780 737 842 nullam
753 787 787 841 ut
804 779 939 857 ejusdem
953 780 1084 842 nationis
1104 787 1223 861 partem
1241 781 1394 842 removeri
1407 799 1469 842 un-

314 896 441 960 quama
459 875 651 960 percipiendo
665 876 798 938 maximo
819 895 855 939 ac
875 876 1050 940 beatissimo
1071 875 1470 958 neuempuonisbeneacin

315 973 406 1036 sinat.
416 974 530 1035 Verum
543 991 615 1034 cum
627 991 765 1036 summus
780 971 860 1043 idem
873 991 975 1038 rerum
987 973 1192 1045 humanarum
1202 974 1350 1037 Dominus
1359 974 1391 1036 in
1405 976 1468 1037 suis

316 1067 425 1139 divinis
435 1068 594 1150 largiendis
612 1068 754 1150 presidiis
767 1068 891 1131 uunime
909 1068 1038 1132 otiosam
1051 1074 1142 1150 atque
1157 1069 1285 1132 inertem
1304 1069 1467 1137 bominum

316 1165 409 1228 etiam
423 1183 547 1248 operam
564 1185 630 1229 esse
645 1167 726 1244 velit,
741 1167 792 1229 sed
807 1185 877 1229 cum
890 1174 994 1230 nostra
1006 1167 1128 1245 fiducia,
1143 1166 1312 1248 nostrisque
1325 1166 1365 1229 ad
1379 1166 1467 1229 illurn

314 1263 457 1345 precibus
481 1263 621 1344 conjungi
637 1263 742 1342 jubeat
759 1265 890 1344 aptiores
909 1282 1045 1345 quasque
1064 1263 1190 1327 bumani
1209 1263 1352 1340 subsidii,
1373 1271 1467 1345 atque

314 1358 471 1427 indusbia
481 1359 624 1437 rationes,
636 1360 800 1439 Maiestatis
820 1363 890 1424 'lbra
901 1380 992 1443 opem
1005 1369 1035 1423 et
1048 1361 1219 1443 presidium
1230 1379 1292 1443 quo
1304 1360 1380 1423 nibil
1390 1361 1469 1423 rell-

313 1456 523 1537 gionituenda
532 1463 633 1540 potest
641 1475 706 1521 csse
714 1459 912 1540 opportunius
920 1460 1110 1542 potisn'mum
1120 1458 1301 1539 flagitamus,
1314 1467 1407 1541 atque
1416 1477 1468 1522 ex·

318 1553 487 1637 mammas
498 1556 542 1618 'le
555 1555 657 1637 itaque
673 1575 768 1636 quam
778 1557 910 1619 maxbno
921 1576 1084 1639 possumus
1100 1558 1131 1619 in
1145 1556 1273 1619 Domim
1290 1554 1466 1634 hortamur,

316 1657 409 1734 atque
422 1653 621 1731 obtestamur,
631 1653 785 1724 omissime
798 1652 829 1714 in
840 1653 958 1717 curato
975 1654 1017 1716 dli
1034 1660 1149 1730 noster,
1168 1651 1208 1714 ad
1220 1652 1362 1732 banoper
1373 1668 1468 1732 egre-

315 1748 400 1829 giam
409 1748 516 1812 diuma
529 1749 630 1832 gloria
640 1750 810 1813 navandam
823 1768 959 1832 operam.
970 1753 1046 1814 Cum
1064 1749 1181 1832 imperii
1195 1748 1239 1812 tui
1250 1747 1379 1828 dignitas
1390 1749 1467 1812 fidei

317 1844 485 1909 Memoris
500 1866 537 1909 ao
552 1846 690 1910 Ecclesia
709 1847 828 1929 patroni
846 1848 900 1909 tibi
918 1856 1074 1912 munus-et
1093 1865 1204 1910 nomen
1217 1847 1367 1928 imponat,
1387 1847 1466 1910 nibil

316 1950 401 2009 certo
423 1944 575 2027 antiquius
597 1945 651 2007 tibi
673 1964 737 2008 ease
758 1947 993 2028 poterit,quam
1010 1953 1045 2009 nt
1064 1947 1155 2010 talem
1177 1952 1209 2007 et
1229 1955 1467 2026 nuncupari,'et

317 2038 460 2120 reiparte
476 2059 543 2103 essa
561 2041 705 2104 declares.
725 2042 831 2104 Nullus
844 2043 942 2124 magis
959 2050 1179 2106 consentaneus
1193 2061 1229 2104 ac
1241 2040 1362 2104 debitus
1370 2059 1466 2124 opurn

318 2137 471 2218 potentin,
485 2144 577 2220 atque
591 2138 778 2204 auctoritatis
788 2146 1009 2203 transmeare
1019 2146 1136 2221 potest,
1148 2157 1240 2220 quam
1252 2139 1283 2201 in
1305 2140 1467 2204 emerenda

317 2235 420 2301 modis
432 2235 573 2299 omnibus
584 2237 681 2317 gloria
693 2237 835 2318 cultuque
846 2238 900 2300 Dei
912 2239 1058 2318 altissimi,
1068 2240 1156 2319 cujus
1169 2239 1316 2302 beneflcio
1328 2241 1465 2305 universa

318 2331 384 2398 buo
398 2333 493 2396 babes
509 2342 647 2416 accepta.
661 2336 864 2411 Quamobrem
881 2336 1006 2398 omuino
1023 2343 1055 2398 te
1072 2335 1254 2399 confidimus
1270 2335 1413 2417 prasidio
1428 2354 1467 2400 eo

311 2430 477 2511 ampliore,
492 2449 554 2510 qao
566 2432 682 2511 majore
699 2431 729 2492 in
744 2431 878 2512 periculo
896 2450 946 2494 res
961 2440 1120 2495 versantur
1141 2432 1317 2494 adiuturum
1329 2433 1467 2496 Vme-

318 2523 373 2589 bili
386 2525 485 2591 Fratri
503 2525 638 2608 losepbo
648 2525 883 2608 archiepiscopo
895 2528 998 2610 Beryti
1015 2528 1166 2591 ordinario
1178 2534 1283 2589 nostro
1295 2528 1328 2590 in
1341 2528 1467 2592 Palania

318 2621 426 2684 nunde
439 2622 470 2689 in
482 2622 513 2684 id
522 2622 603 2686 idem
616 2631 720 2686 nostro
733 2624 855 2686 nomine
867 2623 1065 2703 incumbenti,
1076 2633 1108 2687 et
1118 2625 1232 2688 caterb
1240 2624 1385 2688 omnibus
1396 2624 1466 2688 ddei

315 2737 457 2799 musam,
469 2727 559 2801 atque
567 2719 806 2783 incolumitatem
816 2721 981 2801 trientibus,
993 2740 1091 2803 neque
1102 2739 1263 2804 passurum
1274 2728 1311 2784 ut
1320 2721 1467 2804 cujusqrre

318 2816 447 2882 iniectus
456 2817 614 2882 Catholicae
623 2818 758 2899 religioni
769 2818 887 2881 animus
896 2820 1031 2901 magisin
1040 2818 1358 2900 eademoppugnanda
1371 2827 1425 2882 aut
1434 2819 1468 2883 iu

316 2913 483 2981 discrimen
497 2914 692 2995 adducenda,
702 2935 795 2997 quarn
806 2921 893 2978 tuum
909 2917 1059 2996 studium,
1073 2923 1186 2999 tuaque
1200 2916 1366 2979 auctoritas
1377 2915 1469 2980 iude

315 3011 530 3079 iendcadaaut
540 3012 705 3078 munienda
715 3013 1084 3095 valeatneumoptimum
1090 3013 1256 3076 Maximum
1267 3020 1470 3094 precamurnt

316 3109 514 3191 umente
520 3109 1094 3177 Tuacondrmetbanctibiutilissimam
1103 3107 1468 3190 sibiquearceptisaimam

317 3207 518 3284 voluntatem,
532 3214 625 3290 utque
636 3227 693 3278 suo
704 3208 812 3272 calesti
824 3207 993 3290 patrocinio
1001 3252 1010 3286 ,
1023 3226 1086 3289 quo
1099 3225 1202 3287 reges,
1213 3220 1380 3287 regumque
1395 3203 1469 3266 for*
1490 3283 1492 3288 Ι

318 3312 398 3368 tuna
411 3306 597 3369 sustinentur
607 3306 648 3368 ob
660 3309 803 3388 preclare
812 3307 979 3384 deleam,
988 3324 1024 3369 ac
1036 3303 1275 3368 conservandam
1288 3303 1401 3366 avitam
1411 3303 1470 3364 Po

317 3399 405 3466 lenia
416 3400 590 3481 religionem
602 3402 766 3480 Maiestatb
777 3404 850 3464 Tua
858 3401 1031 3466 felicitatem
1043 3409 1134 3482 atque
1149 3399 1278 3481 gloriam
1289 3396 1467 3473 mauram,

317 3502 409 3580 atque
433 3497 610 3579 ampliorem
627 3498 660 3569 in
674 3497 739 3560 dies
761 3498 862 3563 lauat.
884 3503 1012 3562 Demum
1031 3498 1062 3560 in
1082 3503 1215 3580 paterna
1231 3514 1269 3559 ac
1287 3490 1466 3573 singularis,

316 3613 379 3677 qna
391 3602 422 3658 te
435 3594 664 3678 complectimur
673 3595 1004 3677 benevolentiapignm
1018 3592 1215 3675 apostolicam
1227 3586 1468 3654 benedictionem

282 3688 288 3703 “
316 3692 469 3773 majestati
483 3693 555 3756 'lua
567 3691 979 3775 amantissimeimpertimur.
993 3694 1107 3754 Dmam
1117 3691 1231 3763 Bonan,
1247 3686 1329 3768 apud
1345 3686 1381 3747 S.
1401 3685 1471 3745 Pe*

319 3798 414 3864 tram,
425 3792 479 3855 aab
489 3794 615 3857 Annulo
625 3796 799 3866 Piscatortr,
811 3792 861 3856 die
870 3795 975 3860 martii
987 3785 1374 3868 irraponaficatmoctn'
1384 3799 1471 3855 “m

808 4067 991 4083 1.*
