3194 5354
230 501 276 550 124
350 540 351 543 ,
655 489 859 545 cteuuurrs
875 490 943 543 xlv

228 598 424 680 impertimur.
454 598 563 657 lictum
585 600 616 654 in
639 597 712 655 Arce
739 594 917 672 Goodnlplti
940 595 1134 664 libanensis,
1154 594 1294 656 diocesis
1316 600 1373 659 sud

223 699 335 757 canalo
347 698 522 773 Piscatoris,
533 694 583 752 dic
605 703 641 752 24
654 692 781 752 octobris
795 702 882 766 17⁷0,
896 694 1089 769 pontificatus
1108 695 1205 754 nostri
1223 710 1307 755 oneo
1322 714 1372 756 sc-

225 794 345 854 condo.-

753 994 836 1064 cxl.
931 1030 937 1043 .

633 1169 822 1212 VENERABILI
846 1171 960 1213 rnarnl

471 1274 750 1334 SlGlelUNDO
776 1275 1123 1338 cuursrorfloro

544 1398 793 1447 incurerrscoro
808 1399 1048 1448 srnrseunormsr

507 1502 771 1580 CLEMENS
806 1504 937 1580 PAPA
972 1503 1088 1579 XIV.

945 1654 1035 1713 Roma,
1050 1658 1078 1702 ro
1090 1652 1227 1704 novembris
1241 1658 1310 1705 ¹770.

267 1760 463 1829 Venerabilis,
473 1766 529 1820 otc.
543 1757 699 1837 Officium,
710 1759 813 1836 iidem,
829 1777 864 1820 ao
882 1757 1068 1838 diligentiam
1084 1765 1169 1821 tuam
1181 1760 1213 1822 in
1227 1761 1374 1842 pastorali

223 1857 388 1920 ministerio
394 1856 511 1936 jamdiu
520 1856 692 1918 clarissimis
705 1856 821 1919 indiciis
827 1856 1045 1938 perspeximus,
1056 1856 1245 1919 Venerabilis
1255 1858 1372 1935 Frater,

223 1972 303 2017 nunc
314 1973 385 2016 vero
396 1954 587 2015 vehementer
605 1954 777 2015 confirmari
795 1953 888 2014 Nobis
896 1952 1064 2032 gaudemus
1076 1955 1220 2035 preclaro
1239 1954 1291 2016 illo
1304 1961 1373 2017 stu-

222 2053 285 2131 dio,
293 2072 355 2135 quo
363 2052 511 2114 celebrem
518 2051 712 2112 sanctissime
723 2050 822 2112 Maria
831 2050 960 2129 Virginis
970 2049 1107 2130 Effigiem
1119 2051 1150 2112 in
1159 2050 1265 2113 Ellend
1277 2051 1374 2115 arduo

223 2159 313 2234 atque
324 2151 445 2234 alpestri
453 2150 717 2230 salisburgenlium
727 2150 876 2212 montium
885 2149 953 2210 loco
965 2148 1258 2229 positam‚adquam
1270 2156 1374 2214 amen

220 2250 329 2313 devote
342 2251 451 2332 pieque
463 2249 624 2311 colendam
643 2248 983 2330 quotannis-plusquam
1001 2247 1123 2327 triginta
1143 2248 1372 2328 peregrinorum
1442 2249 1443 2255 ’

222 2347 316 2410 millia
327 2348 499 2425 confluunt,
510 2365 572 2408 non
584 2346 683 2408 solum
695 2344 942 2427 perincommoda
954 2344 1002 2406 ria
1014 2343 1131 2407 delatus
1140 2343 1325 2425 visitaveris,
1337 2365 1375 2409 ac

224 2452 381 2506 veneratus
398 2445 455 2521 sis,
471 2443 524 2505 sed
540 2443 632 2504 etiam
654 2443 754 2522 (quod
778 2442 941 2522 plurimum
963 2441 1193 2521 adaugendam
1216 2442 1276 2504 loci
1299 2445 1374 2506 reli—

221 2540 343 2619 gionem
354 2540 490 2602 conferre
505 2540 667 2601 arbitratus
681 2542 731 2617 es)
749 2539 831 2600 illam
850 2539 1009 2601 ecclesiam
1026 2539 1078 2601 Dei
1094 2539 1183 2601 Matri
1201 2539 1373 2604 dedicatam

223 2640 347 2703 sollenui
369 2641 429 2702 ritu
449 2640 681 2701 consecraveris.
695 2641 760 2713 Quo
778 2640 802 2700 is
821 2640 885 2719 ipse
903 2647 965 2701 tam
986 2640 1064 2702 bene
1085 2639 1220 2702 invectus
1236 2641 1374 2704 contitu-

223 2747 332 2819 tusque
348 2757 418 2819 erga
430 2741 555 2800 Beatam
576 2738 729 2819 Virginem
748 2740 847 2801 cultus
860 2740 958 2801 adhuc
979 2740 1075 2819 magis
1088 2739 1237 2818 foveatur,
1253 2759 1290 2802 ac
1302 2759 1373 2804 am-

222 2836 373 2918 plificetur
387 2836 417 2898 in
429 2835 505 2913 dics,
518 2842 653 2897 nostram
666 2853 746 2897 nuno
757 2836 850 2915 exigis
861 2837 1048 2916 pontificiam
1059 2854 1195 2916 operam,
1207 2855 1372 2920 precesque

223 2933 262 2995 ad
271 2936 332 2997 Nos
343 2933 448 2997 enixus
456 2933 569 3013 dirigis,
581 2941 614 2995 ut
620 2933 731 2995 ibidem
740 2933 926 3015 privilegium
938 2933 1048 2995 Altaris
1058 2932 1224 3013 quotidiani
1235 2936 1373 3016 perpetui

222 3031 385 3113 apostolica
399 3029 576 3093 auctoritate
589 3030 803 3105 concedamus.
817 3032 878 3093 Nos
891 3030 1013 3111 quidem
1028 3029 1084 3092 etsi
1096 3030 1247 3093 rarissime
1261 3050 1298 3094 ac
1305 3051 1373 3113 gra-

220 3129 347 3193 vissimis
367 3129 405 3190 do
429 3129 528 3191 causis
549 3128 722 3207 hujusmodi
745 3127 925 3190 beneficium
945 3126 1178 3208 impertiendum
1197 3146 1263 3190 ease
1287 3129 1371 3191 arbi-

221 3232 347 3302 tremur,
361 3225 417 3286 has
432 3225 514 3306 ipsas
534 3232 653 3303 tamen,
676 3232 744 3307 que
759 3233 897 3289 nostrum
912 3225 1043 3287 manime
1059 3232 1203 3287 moveant
1220 3225 1368 3303 minum,

220 3322 351 3383 rationes
365 3322 513 3402 precipue
527 3324 693 3404 reperimus
706 3325 736 3385 in
750 3321 988 3405 perspectissime
1001 3321 1094 3385 Nobis
1108 3321 1299 3385 fraternitatis
1310 3330 1371 3386 tuas

220 3419 343 3501 pietate,
352 3418 502 3498 religione,
514 3438 549 3481 ao
560 3421 716 3501 sapientia,
724 3421 925 3503 singularique
938 3422 968 3483 in
980 3421 1177 3484 commissum
1187 3420 1240 3483 tibi
1248 3439 1371 3502 gregem

221 3515 436 3593 sollicitudine3
456 3514 566 3597 quibus
586 3518 647 3580 Nos
660 3517 762 3580 deesse
782 3518 963 3595 videremur,
983 3517 1039 3579 nisi
1054 3523 1085 3579 et
1102 3517 1185 3580 bisoc
1198 3518 1372 3600 aequissimis

219 3615 331 3698 optatis
342 3615 412 3692 tuis,
425 3622 455 3677 ot
466 3615 605 3677 tanta'de
624 3616 779 3696 pontificia
793 3616 974 3697 benignitate
990 3615 1116 3693 fiducie,
1129 3616 1195 3697 pari
1206 3615 1372 3698 cupiditate

219 3713 470 3775 satisfaceremus.
486 3713 580 3794 igitur
589 3714 672 3794 quod
687 3733 705 3776 a
718 3714 810 3776 Nobis
821 3733 876 3795 per
887 3713 1036 3794 supplices
1057 3722 1126 3775 tuas
1141 3732 1248 3795 preces
1260 3721 1371 3795 postu-

218 3810 297 3887 lasti,
314 3811 438 3889 benigue
453 3813 657 3891 oonoedimus,
669 3821 701 3875 et
720 3812 908 3894 impertimur
924 3829 979 3893 per
997 3810 1070 3872 alias
1090 3818 1208 3872 nostras
1229 3811 1260 3872 in
1271 3808 1371 3874 iormn

219 3908 321 3971 Brevis
336 3908 463 3984 litteras,
475 3930 551 3991 quas
565 3911 647 3974 hisce
661 3911 770 3974 nostris
785 3909 1007 3990 conjungimus.
1021 3907 1054 3968 ld
1070 3906 1192 3987 quidem
1208 3907 1372 3989 prolixiore

220 4007 320 4068 animo
343 4004 454 4067 idcirco
468 4007 558 4068 otiam
572 4008 714 4086 iacimus,
737 4016 771 4070 ut
789 4026 902 4070 novum
920 4006 979 4068 boc
1001 4012 1109 4067 nostre
1127 4003 1372 4068 lrrcrdentissimre

221 4112 338 4184 ergata
356 4103 519 4166 voluntatis
539 4105 689 4184 specimen
704 4106 830 4178 habeas,
846 4111 1051 4186 quantamque
1076 4110 1106 4164 et
1125 4100 1240 4164 virtutis
1260 4107 1318 4162 ture
1339 4112 1376 4189 ot

221 4207 340 4264 tuorum
354 4203 426 4282 erga
447 4203 508 4263 Nos
529 4219 564 4262 ao
584 4203 788 4282 Apostolicam
806 4203 1006 4266 banoSedem
1027 4202 1204 4264 moritorum
1219 4199 1370 4264 rationem

221 4293 399 4375 babeamus,
419 4298 514 4379 magis
528 4297 682 4378 magisque
697 4299 852 4379 intelligas.
869 4297 1096 4361 Caeterosetiam
1111 4295 1279 4359 uberrimos
1292 4297 1372 4358 Fra-

221 4391 352 4453 temitati
364 4401 422 4455 tua
437 4403 545 4476 presto
565 4415 682 4476 sempor
696 4398 813 4459 tuturos
827 4415 890 4458 asse
913 4416 968 4477 pro
989 4395 1214 4477 opportunitate
1235 4394 1371 4456 benevo-

221 4487 317 4550 lcntiae
328 4496 435 4551 nostre
445 4490 572 4572 fructus,
584 4501 617 4555 ut
629 4493 756 4574 amplius
774 4492 827 4555 tibi
839 4492 1019 4573 pcrsuaderr
1032 4491 1140 4573 possis,
1154 4491 1248 4554 habes
1262 4490 1372 4554 oerlis-
