<?xml version="1.0" encoding="UTF-8"?>
<!DOCTYPE html PUBLIC "-//W3C//DTD XHTML 1.0 Transitional//EN"
    "http://www.w3.org/TR/xhtml1/DTD/xhtml1-transitional.dtd">
<html xmlns="http://www.w3.org/1999/xhtml" xml:lang="en" lang="en">
 <head>
  <title>
</title>
<meta http-equiv="Content-Type" content="text/html;charset=utf-8" />
  <meta name='ocr-system' content='tesseract 3.04.00' />
  <meta name='ocr-capabilities' content='ocr_page ocr_carea ocr_par ocr_line ocrx_word'/>
</head>
<body>
  <div class='ocr_page' id='page_1' title='image "./clementisxivpon01clemgoog_0406.png"; bbox 0 0 3194 5354; ppageno 0'>
   <div class='ocr_carea' id='block_1_1' title="bbox 570 507 1324 565">
    <p class='ocr_par' dir='ltr' id='par_1_1' title="bbox 570 507 1324 565">
     <span class='ocr_line' id='line_1_1' title="bbox 570 507 1324 565; baseline -0.004 0"><span class='ocrx_word' id='word_1_1' title='bbox 570 507 794 565; x_wconf 74' lang='lat' dir='ltr'>bocuuuura</span> <span class='ocrx_word' id='word_1_2' title='bbox 812 509 936 564; x_wconf 79' lang='lat' dir='ltr'>vaula.</span> <span class='ocrx_word' id='word_1_3' title='bbox 1275 511 1324 563; x_wconf 62' lang='grc'>81</span> 
     </span>
    </p>
   </div>
   <div class='ocr_carea' id='block_1_2' title="bbox 179 611 1396 4579">
    <p class='ocr_par' dir='ltr' id='par_1_2' title="bbox 179 611 1328 1374">
     <span class='ocr_line' id='line_1_2' title="bbox 180 611 1328 696; baseline -0.003 -20"><span class='ocrx_word' id='word_1_4' title='bbox 180 613 283 693; x_wconf 78' lang='lat' dir='ltr'>suajus</span> <span class='ocrx_word' id='word_1_5' title='bbox 293 611 422 693; x_wconf 88' lang='lat' dir='ltr'>denique</span> <span class='ocrx_word' id='word_1_6' title='bbox 435 611 571 696; x_wconf 88' lang='lat' dir='ltr'>pietatis,</span> <span class='ocrx_word' id='word_1_7' title='bbox 590 616 621 673; x_wconf 91' lang='lat' dir='ltr'>et</span> <span class='ocrx_word' id='word_1_8' title='bbox 633 612 785 692; x_wconf 81' lang='lat' dir='ltr'>religionis</span> <span class='ocrx_word' id='word_1_9' title='bbox 798 613 1017 674; x_wconf 86' lang='lat' dir='ltr'>incrementum</span> <span class='ocrx_word' id='word_1_10' title='bbox 1028 630 1047 673; x_wconf 89' lang='lat' dir='ltr'>a</span> <span class='ocrx_word' id='word_1_11' title='bbox 1057 615 1168 675; x_wconf 88' lang='lat' dir='ltr'>Sancto</span> <span class='ocrx_word' id='word_1_12' title='bbox 1178 629 1236 674; x_wconf 89' lang='lat' dir='ltr'>suo</span> <span class='ocrx_word' id='word_1_13' title='bbox 1246 613 1328 674; x_wconf 85' lang='lat' dir='ltr'>Gon-</span> 
     </span>
     <span class='ocr_line' id='line_1_3' title="bbox 180 708 1328 798; baseline -0.002 -25"><span class='ocrx_word' id='word_1_14' title='bbox 180 710 278 773; x_wconf 90' lang='lat' dir='ltr'>ditore</span> <span class='ocrx_word' id='word_1_15' title='bbox 290 709 381 771; x_wconf 87' lang='lat' dir='ltr'>luisse</span> <span class='ocrx_word' id='word_1_16' title='bbox 391 708 560 771; x_wconf 90' lang='lat' dir='ltr'>institutum</span> <span class='ocrx_word' id='word_1_17' title='bbox 569 731 579 785; x_wconf 80' lang='lat'>3</span> <span class='ocrx_word' id='word_1_18' title='bbox 588 714 679 790; x_wconf 81' lang='lat' dir='ltr'>atque</span> <span class='ocrx_word' id='word_1_19' title='bbox 688 708 727 772; x_wconf 89' lang='lat' dir='ltr'>ad</span> <span class='ocrx_word' id='word_1_20' title='bbox 737 711 959 798; x_wconf 87' lang='lat' dir='ltr'>optatissimum</span> <span class='ocrx_word' id='word_1_21' title='bbox 967 708 1058 772; x_wconf 87' lang='grc'><strong>115551</strong></span> <span class='ocrx_word' id='word_1_22' title='bbox 1069 710 1185 773; x_wconf 84' lang='lat' dir='ltr'>lucilius</span> <span class='ocrx_word' id='word_1_23' title='bbox 1193 709 1328 772; x_wconf 85' lang='lat' dir='ltr'>felicius-</span> 
     </span>
     <span class='ocr_line' id='line_1_4' title="bbox 180 804 1325 889; baseline -0.001 -19"><span class='ocrx_word' id='word_1_24' title='bbox 180 825 241 889; x_wconf 87' lang='lat' dir='ltr'>quc</span> <span class='ocrx_word' id='word_1_25' title='bbox 256 804 519 887; x_wconf 88' lang='lat' dir='ltr'>consequendum,</span> <span class='ocrx_word' id='word_1_26' title='bbox 542 805 710 869; x_wconf 87' lang='lat' dir='ltr'>arctissimo</span> <span class='ocrx_word' id='word_1_27' title='bbox 723 806 907 887; x_wconf 82' lang='lat' dir='ltr'>Evangelicu</span> <span class='ocrx_word' id='word_1_28' title='bbox 921 807 1105 888; x_wconf 84' lang='lat' dir='ltr'>paupertatis</span> <span class='ocrx_word' id='word_1_29' title='bbox 1119 814 1189 870; x_wconf 84' lang='lat' dir='ltr'>voto</span> <span class='ocrx_word' id='word_1_30' title='bbox 1210 814 1274 870; x_wconf 86' lang='lat' dir='ltr'>tam</span> <span class='ocrx_word' id='word_1_31' title='bbox 1295 807 1325 869; x_wconf 93' lang='lat' dir='ltr'>in</span> 
     </span>
     <span class='ocr_line' id='line_1_5' title="bbox 180 902 1327 985; baseline -0.003 -16"><span class='ocrx_word' id='word_1_32' title='bbox 180 904 352 982; x_wconf 88' lang='lat' dir='ltr'>communi,</span> <span class='ocrx_word' id='word_1_33' title='bbox 366 922 459 984; x_wconf 83' lang='lat' dir='ltr'>quam</span> <span class='ocrx_word' id='word_1_34' title='bbox 473 903 503 965; x_wconf 92' lang='lat' dir='ltr'>in</span> <span class='ocrx_word' id='word_1_35' title='bbox 520 903 692 985; x_wconf 77' lang='lat' dir='ltr'>particulari</span> <span class='ocrx_word' id='word_1_36' title='bbox 706 902 796 966; x_wconf 78' lang='lat' dir='ltr'>fuisse</span> <span class='ocrx_word' id='word_1_37' title='bbox 807 906 870 967; x_wconf 83' lang='grc'><strong>1155</strong></span> <span class='ocrx_word' id='word_1_38' title='bbox 879 909 1105 982; x_wconf 82' lang='grc'><strong>555515151551,</strong></span> <span class='ocrx_word' id='word_1_39' title='bbox 1115 904 1248 984; x_wconf 81' lang='lat' dir='ltr'>exceptis</span> <span class='ocrx_word' id='word_1_40' title='bbox 1261 910 1327 966; x_wconf 88' lang='grc'><strong>155·</strong></span> 
     </span>
     <span class='ocr_line' id='line_1_6' title="bbox 181 990 1325 1082; baseline -0.001 -17"><span class='ocrx_word' id='word_1_41' title='bbox 181 1001 340 1065; x_wconf 90' lang='lat' dir='ltr'>tummodo</span> <span class='ocrx_word' id='word_1_42' title='bbox 350 999 536 1078; x_wconf 88' lang='lat' dir='ltr'>studiorum,</span> <span class='ocrx_word' id='word_1_43' title='bbox 548 1018 602 1063; x_wconf 88' lang='lat' dir='ltr'>seu</span> <span class='ocrx_word' id='word_1_44' title='bbox 610 1001 778 1063; x_wconf 84' lang='lat' dir='ltr'>litterarum</span> <span class='ocrx_word' id='word_1_45' title='bbox 791 990 944 1082; x_wconf 84' lang='lat' dir='ltr'>Gollcgiis,</span> <span class='ocrx_word' id='word_1_46' title='bbox 953 1000 1064 1082; x_wconf 86' lang='lat' dir='ltr'>quibua</span> <span class='ocrx_word' id='word_1_47' title='bbox 1073 1000 1244 1081; x_wconf 85' lang='lat' dir='ltr'>possidendi</span> <span class='ocrx_word' id='word_1_48' title='bbox 1255 1002 1325 1064; x_wconf 87' lang='lat' dir='ltr'>rad·</span> 
     </span>
     <span class='ocr_line' id='line_1_7' title="bbox 179 1094 1326 1179; baseline 0 -19"><span class='ocrx_word' id='word_1_49' title='bbox 179 1098 262 1160; x_wconf 91' lang='lat' dir='ltr'>ditus</span> <span class='ocrx_word' id='word_1_50' title='bbox 276 1098 410 1161; x_wconf 88' lang='grc'><strong>11515515</strong></span> <span class='ocrx_word' id='word_1_51' title='bbox 422 1097 744 1179; x_wconf 80' lang='grc'><strong>151115,11115155151,</strong></span> <span class='ocrx_word' id='word_1_52' title='bbox 762 1104 797 1160; x_wconf 92' lang='grc'>51</span> <span class='ocrx_word' id='word_1_53' title='bbox 811 1095 885 1160; x_wconf 90' lang='lat' dir='ltr'>nibil</span> <span class='ocrx_word' id='word_1_54' title='bbox 898 1104 1001 1160; x_wconf 83' lang='grc'><strong>155155</strong></span> <span class='ocrx_word' id='word_1_55' title='bbox 1019 1113 1057 1159; x_wconf 88' lang='lat' dir='ltr'>ex</span> <span class='ocrx_word' id='word_1_56' title='bbox 1067 1096 1103 1158; x_wconf 88' lang='lat' dir='ltr'>iia</span> <span class='ocrx_word' id='word_1_57' title='bbox 1116 1094 1281 1160; x_wconf 86' lang='lat' dir='ltr'>redditibus</span> <span class='ocrx_word' id='word_1_58' title='bbox 1294 1097 1326 1160; x_wconf 91' lang='lat' dir='ltr'>in</span> 
     </span>
     <span class='ocr_line' id='line_1_8' title="bbox 181 1192 1326 1278; baseline 0 -21"><span class='ocrx_word' id='word_1_59' title='bbox 181 1196 275 1278; x_wconf 84' lang='lat' dir='ltr'>ipsius</span> <span class='ocrx_word' id='word_1_60' title='bbox 289 1195 445 1258; x_wconf 87' lang='lat' dir='ltr'>Societatis</span> <span class='ocrx_word' id='word_1_61' title='bbox 464 1195 675 1273; x_wconf 85' lang='lat' dir='ltr'>commodum,</span> <span class='ocrx_word' id='word_1_62' title='bbox 689 1195 867 1273; x_wconf 87' lang='lat' dir='ltr'>utilitatem,</span> <span class='ocrx_word' id='word_1_63' title='bbox 889 1210 1026 1260; x_wconf 86' lang='grc'><strong>5515515</strong></span> <span class='ocrx_word' id='word_1_64' title='bbox 1040 1192 1173 1277; x_wconf 86' lang='lat' dir='ltr'>impendi</span> <span class='ocrx_word' id='word_1_65' title='bbox 1192 1210 1326 1276; x_wconf 85' lang='lat' dir='ltr'>unquam</span> 
     </span>
     <span class='ocr_line' id='line_1_9' title="bbox 180 1291 554 1374; baseline 0 -21"><span class='ocrx_word' id='word_1_66' title='bbox 180 1292 292 1373; x_wconf 83' lang='lat' dir='ltr'>possit,</span> <span class='ocrx_word' id='word_1_67' title='bbox 305 1299 394 1374; x_wconf 87' lang='lat' dir='ltr'>atque</span> <span class='ocrx_word' id='word_1_68' title='bbox 409 1291 554 1354; x_wconf 86' lang='grc'><strong>15515111.</strong></span> 
     </span>
    </p>

    <p class='ocr_par' dir='ltr' id='par_1_3' title="bbox 180 1385 1396 3702">
     <span class='ocr_line' id='line_1_10' title="bbox 224 1385 1328 1471; baseline -0.001 -21"><span class='ocrx_word' id='word_1_69' title='bbox 224 1399 271 1452; x_wconf 87' lang='grc'>15.</span> <span class='ocrx_word' id='word_1_70' title='bbox 292 1389 363 1467; x_wconf 86' lang='lat' dir='ltr'>llis,</span> <span class='ocrx_word' id='word_1_71' title='bbox 382 1388 505 1469; x_wconf 87' lang='lat' dir='ltr'>aliisque</span> <span class='ocrx_word' id='word_1_72' title='bbox 524 1385 719 1450; x_wconf 74' lang='lat' dir='ltr'>sanctissimis</span> <span class='ocrx_word' id='word_1_73' title='bbox 730 1387 846 1466; x_wconf 91' lang='lat' dir='ltr'>legibus</span> <span class='ocrx_word' id='word_1_74' title='bbox 863 1387 992 1471; x_wconf 87' lang='lat' dir='ltr'>probata</span> <span class='ocrx_word' id='word_1_75' title='bbox 1011 1387 1142 1468; x_wconf 88' lang='lat' dir='ltr'>primurn</span> <span class='ocrx_word' id='word_1_76' title='bbox 1155 1387 1211 1450; x_wconf 85' lang='lat' dir='ltr'>luit</span> <span class='ocrx_word' id='word_1_77' title='bbox 1222 1387 1328 1450; x_wconf 88' lang='lat' dir='ltr'>eadem</span> 
     </span>
     <span class='ocr_line' id='line_1_11' title="bbox 181 1485 1328 1567; baseline 0.002 -19"><span class='ocrx_word' id='word_1_78' title='bbox 181 1486 316 1549; x_wconf 79' lang='lat' dir='ltr'>Societas</span> <span class='ocrx_word' id='word_1_79' title='bbox 328 1486 400 1549; x_wconf 84' lang='lat' dir='ltr'>lesu</span> <span class='ocrx_word' id='word_1_80' title='bbox 418 1503 514 1549; x_wconf 85' lang='grc'><strong>5155.</strong></span> <span class='ocrx_word' id='word_1_81' title='bbox 531 1485 684 1547; x_wconf 77' lang='lat' dir='ltr'>memorie</span> <span class='ocrx_word' id='word_1_82' title='bbox 701 1485 796 1547; x_wconf 89' lang='lat' dir='ltr'>Paulo</span> <span class='ocrx_word' id='word_1_83' title='bbox 813 1485 896 1567; x_wconf 87' lang='lat' dir='ltr'>Papa</span> <span class='ocrx_word' id='word_1_84' title='bbox 913 1487 964 1547; x_wconf 92' lang='lat' dir='ltr'>lll.</span> <span class='ocrx_word' id='word_1_85' title='bbox 989 1487 1211 1550; x_wconf 75' lang='lat' dir='ltr'>Predacessore</span> <span class='ocrx_word' id='word_1_86' title='bbox 1223 1494 1328 1550; x_wconf 89' lang='lat' dir='ltr'>nostro</span> 
     </span>
     <span class='ocr_line' id='line_1_12' title="bbox 181 1582 1328 1666; baseline 0.001 -20"><span class='ocrx_word' id='word_1_87' title='bbox 181 1604 237 1666; x_wconf 86' lang='lat' dir='ltr'>per</span> <span class='ocrx_word' id='word_1_88' title='bbox 255 1604 324 1648; x_wconf 88' lang='lat' dir='ltr'>suas</span> <span class='ocrx_word' id='word_1_89' title='bbox 346 1584 404 1648; x_wconf 93' lang='lat' dir='ltr'>sub</span> <span class='ocrx_word' id='word_1_90' title='bbox 423 1585 547 1666; x_wconf 91' lang='lat' dir='ltr'>plumbo</span> <span class='ocrx_word' id='word_1_91' title='bbox 563 1596 592 1645; x_wconf 90' lang='grc'>5.</span> <span class='ocrx_word' id='word_1_92' title='bbox 608 1584 669 1645; x_wconf 86' lang='lat' dir='ltr'>kal.</span> <span class='ocrx_word' id='word_1_93' title='bbox 692 1582 824 1645; x_wconf 83' lang='lat' dir='ltr'>octobris</span> <span class='ocrx_word' id='word_1_94' title='bbox 839 1600 919 1645; x_wconf 91' lang='grc'><strong>5555</strong></span> <span class='ocrx_word' id='word_1_95' title='bbox 938 1583 1153 1647; x_wconf 80' lang='lat' dir='ltr'>incarnationis</span> <span class='ocrx_word' id='word_1_96' title='bbox 1167 1584 1328 1647; x_wconf 80' lang='grc'><strong>1151515155</strong></span> 
     </span>
     <span class='ocr_line' id='line_1_13' title="bbox 185 1677 1328 1763; baseline 0.002 -21"><span class='ocrx_word' id='word_1_97' title='bbox 185 1692 277 1759; x_wconf 85' lang='grc'><strong>1515,</strong></span> <span class='ocrx_word' id='word_1_98' title='bbox 291 1682 447 1763; x_wconf 83' lang='lat' dir='ltr'>expeditas</span> <span class='ocrx_word' id='word_1_99' title='bbox 457 1682 588 1758; x_wconf 80' lang='lat' dir='ltr'>litteras,</span> <span class='ocrx_word' id='word_1_100' title='bbox 604 1680 644 1742; x_wconf 87' lang='lat' dir='ltr'>ab</span> <span class='ocrx_word' id='word_1_101' title='bbox 656 1679 823 1760; x_wconf 87' lang='lat' dir='ltr'>eodemque</span> <span class='ocrx_word' id='word_1_102' title='bbox 843 1696 987 1742; x_wconf 87' lang='lat' dir='ltr'>concessa</span> <span class='ocrx_word' id='word_1_103' title='bbox 999 1679 1028 1741; x_wconf 88' lang='grc'>51</span> <span class='ocrx_word' id='word_1_104' title='bbox 1041 1678 1099 1742; x_wconf 91' lang='grc'><strong>1511</strong></span> <span class='ocrx_word' id='word_1_105' title='bbox 1111 1677 1239 1742; x_wconf 83' lang='lat' dir='ltr'>incultas</span> <span class='ocrx_word' id='word_1_106' title='bbox 1250 1697 1328 1744; x_wconf 89' lang='grc'><strong>555-</strong></span> 
     </span>
     <span class='ocr_line' id='line_1_14' title="bbox 182 1760 1326 1860; baseline -0.001 -18"><span class='ocrx_word' id='word_1_107' title='bbox 182 1779 271 1842; x_wconf 91' lang='lat' dir='ltr'>deudi</span> <span class='ocrx_word' id='word_1_108' title='bbox 286 1781 370 1859; x_wconf 79' lang='lat' dir='ltr'>iura,</span> <span class='ocrx_word' id='word_1_109' title='bbox 390 1788 480 1859; x_wconf 89' lang='lat' dir='ltr'>atque</span> <span class='ocrx_word' id='word_1_110' title='bbox 498 1785 630 1856; x_wconf 89' lang='lat' dir='ltr'>statuta,</span> <span class='ocrx_word' id='word_1_111' title='bbox 644 1776 754 1860; x_wconf 88' lang='lat' dir='ltr'>quibus</span> <span class='ocrx_word' id='word_1_112' title='bbox 768 1776 924 1840; x_wconf 86' lang='lat' dir='ltr'>Societatis</span> <span class='ocrx_word' id='word_1_113' title='bbox 936 1775 1075 1857; x_wconf 81' lang='lat' dir='ltr'>prasidio</span> <span class='ocrx_word' id='word_1_114' title='bbox 1084 1821 1093 1855; x_wconf 94' lang='lat'>,</span> <span class='ocrx_word' id='word_1_115' title='bbox 1110 1760 1326 1854; x_wconf 78' lang='lat' dir='ltr'>incolumitati,</span> 
     </span>
     <span class='ocr_line' id='line_1_15' title="bbox 183 1867 1328 1957; baseline -0.001 -19"><span class='ocrx_word' id='word_1_116' title='bbox 183 1884 272 1957; x_wconf 89' lang='grc'><strong>511155</strong></span> <span class='ocrx_word' id='word_1_117' title='bbox 283 1875 420 1957; x_wconf 85' lang='lat' dir='ltr'>regimini</span> <span class='ocrx_word' id='word_1_118' title='bbox 432 1873 599 1936; x_wconf 84' lang='lat' dir='ltr'>firmissime</span> <span class='ocrx_word' id='word_1_119' title='bbox 612 1875 824 1937; x_wconf 88' lang='lat' dir='ltr'>consuleretur.</span> <span class='ocrx_word' id='word_1_120' title='bbox 839 1875 877 1936; x_wconf 86' lang='lat' dir='ltr'>Et</span> <span class='ocrx_word' id='word_1_121' title='bbox 887 1873 1024 1954; x_wconf 83' lang='lat' dir='ltr'>quamvis</span> <span class='ocrx_word' id='word_1_122' title='bbox 1038 1867 1119 1936; x_wconf 89' lang='lat' dir='ltr'>idem</span> <span class='ocrx_word' id='word_1_123' title='bbox 1130 1875 1241 1937; x_wconf 86' lang='lat' dir='ltr'>Paulus</span> <span class='ocrx_word' id='word_1_124' title='bbox 1251 1875 1328 1937; x_wconf 76' lang='lat' dir='ltr'>Pro·</span> 
     </span>
     <span class='ocr_line' id='line_1_16' title="bbox 180 1961 1327 2052; baseline -0.002 -17"><span class='ocrx_word' id='word_1_125' title='bbox 180 1973 320 2035; x_wconf 86' lang='lat' dir='ltr'>decessor</span> <span class='ocrx_word' id='word_1_126' title='bbox 331 1971 512 2034; x_wconf 79' lang='lat' dir='ltr'>Societatem</span> <span class='ocrx_word' id='word_1_127' title='bbox 534 1971 631 2052; x_wconf 87' lang='lat' dir='ltr'>ipsam</span> <span class='ocrx_word' id='word_1_128' title='bbox 646 1970 865 2050; x_wconf 80' lang='lat' dir='ltr'>angustissimis</span> <span class='ocrx_word' id='word_1_129' title='bbox 882 1961 1034 2050; x_wconf 78' lang='lat' dir='ltr'>sexaginta</span> <span class='ocrx_word' id='word_1_130' title='bbox 1050 1970 1209 2033; x_wconf 82' lang='lat' dir='ltr'>dumtaxat</span> <span class='ocrx_word' id='word_1_131' title='bbox 1226 1972 1327 2033; x_wconf 86' lang='lat' dir='ltr'>alum-</span> 
     </span>
     <span class='ocr_line' id='line_1_17' title="bbox 182 2067 1328 2150; baseline -0.001 -17"><span class='ocrx_word' id='word_1_132' title='bbox 182 2090 290 2133; x_wconf 91' lang='lat' dir='ltr'>norum</span> <span class='ocrx_word' id='word_1_133' title='bbox 303 2070 446 2132; x_wconf 90' lang='lat' dir='ltr'>limitibus</span> <span class='ocrx_word' id='word_1_134' title='bbox 455 2070 494 2131; x_wconf 90' lang='lat' dir='ltr'>ab</span> <span class='ocrx_word' id='word_1_135' title='bbox 505 2067 590 2131; x_wconf 90' lang='lat' dir='ltr'>initio</span> <span class='ocrx_word' id='word_1_136' title='bbox 608 2068 904 2150; x_wconf 82' lang='lat' dir='ltr'>circumscripsisset3</span> <span class='ocrx_word' id='word_1_137' title='bbox 927 2087 981 2149; x_wconf 90' lang='lat' dir='ltr'>per</span> <span class='ocrx_word' id='word_1_138' title='bbox 995 2069 1068 2132; x_wconf 86' lang='lat' dir='ltr'>alius</span> <span class='ocrx_word' id='word_1_139' title='bbox 1079 2075 1181 2132; x_wconf 88' lang='lat' dir='ltr'>tamen</span> <span class='ocrx_word' id='word_1_140' title='bbox 1193 2068 1328 2132; x_wconf 53' lang='grc'>5555111-1</span> 
     </span>
     <span class='ocr_line' id='line_1_18' title="bbox 181 2166 1326 2250; baseline 0.003 -21"><span class='ocrx_word' id='word_1_141' title='bbox 181 2168 253 2229; x_wconf 92' lang='lat' dir='ltr'>dem</span> <span class='ocrx_word' id='word_1_142' title='bbox 263 2168 320 2229; x_wconf 89' lang='lat' dir='ltr'>sub</span> <span class='ocrx_word' id='word_1_143' title='bbox 328 2166 453 2248; x_wconf 89' lang='lat' dir='ltr'>plumbo</span> <span class='ocrx_word' id='word_1_144' title='bbox 463 2166 557 2247; x_wconf 87' lang='lat' dir='ltr'>pridie</span> <span class='ocrx_word' id='word_1_145' title='bbox 567 2166 628 2228; x_wconf 87' lang='lat' dir='ltr'>kal.</span> <span class='ocrx_word' id='word_1_146' title='bbox 646 2167 1326 2250; x_wconf 73' lang='grc'><strong>551115555155515511551111551151151515,</strong></span> 
     </span>
     <span class='ocr_line' id='line_1_19' title="bbox 183 2265 1328 2352; baseline 0.003 -23"><span class='ocrx_word' id='word_1_147' title='bbox 183 2266 337 2347; x_wconf 85' lang='lat' dir='ltr'>expeditas</span> <span class='ocrx_word' id='word_1_148' title='bbox 350 2266 463 2327; x_wconf 82' lang='lat' dir='ltr'>litteras</span> <span class='ocrx_word' id='word_1_149' title='bbox 476 2266 578 2327; x_wconf 90' lang='lat' dir='ltr'>locum</span> <span class='ocrx_word' id='word_1_150' title='bbox 596 2265 679 2327; x_wconf 87' lang='lat' dir='ltr'>dedit</span> <span class='ocrx_word' id='word_1_151' title='bbox 693 2266 800 2328; x_wconf 90' lang='lat' dir='ltr'>eadem</span> <span class='ocrx_word' id='word_1_152' title='bbox 814 2266 845 2327; x_wconf 92' lang='lat' dir='ltr'>in</span> <span class='ocrx_word' id='word_1_153' title='bbox 865 2268 1013 2330; x_wconf 88' lang='lat' dir='ltr'>Societate</span> <span class='ocrx_word' id='word_1_154' title='bbox 1027 2268 1063 2330; x_wconf 89' lang='lat' dir='ltr'>iis</span> <span class='ocrx_word' id='word_1_155' title='bbox 1078 2269 1236 2346; x_wconf 88' lang='lat' dir='ltr'>omuibus,</span> <span class='ocrx_word' id='word_1_156' title='bbox 1250 2289 1328 2352; x_wconf 85' lang='lat' dir='ltr'>quos</span> 
     </span>
     <span class='ocr_line' id='line_1_20' title="bbox 182 2361 1329 2446; baseline 0.005 -23"><span class='ocrx_word' id='word_1_157' title='bbox 182 2365 212 2423; x_wconf 91' lang='lat' dir='ltr'>in</span> <span class='ocrx_word' id='word_1_158' title='bbox 227 2380 295 2423; x_wconf 88' lang='lat' dir='ltr'>eam</span> <span class='ocrx_word' id='word_1_159' title='bbox 310 2362 448 2443; x_wconf 82' lang='lat' dir='ltr'>excipere</span> <span class='ocrx_word' id='word_1_160' title='bbox 465 2361 545 2424; x_wconf 89' lang='lat' dir='ltr'>illius</span> <span class='ocrx_word' id='word_1_161' title='bbox 558 2362 800 2424; x_wconf 87' lang='lat' dir='ltr'>moderatoribus</span> <span class='ocrx_word' id='word_1_162' title='bbox 813 2363 911 2425; x_wconf 83' lang='lat' dir='ltr'>visum</span> <span class='ocrx_word' id='word_1_163' title='bbox 924 2363 1029 2426; x_wconf 80' lang='lat' dir='ltr'>fuisset</span> <span class='ocrx_word' id='word_1_164' title='bbox 1040 2371 1263 2446; x_wconf 87' lang='lat' dir='ltr'>opportunum,</span> <span class='ocrx_word' id='word_1_165' title='bbox 1275 2373 1329 2430; x_wconf 92' lang='lat' dir='ltr'>aut</span> 
     </span>
     <span class='ocr_line' id='line_1_21' title="bbox 181 2459 1328 2539; baseline 0.006 -18"><span class='ocrx_word' id='word_1_166' title='bbox 181 2459 394 2522; x_wconf 84' lang='lat' dir='ltr'>necessarium.</span> <span class='ocrx_word' id='word_1_167' title='bbox 411 2462 500 2522; x_wconf 81' lang='grc'><strong>11555</strong></span> <span class='ocrx_word' id='word_1_168' title='bbox 520 2459 628 2522; x_wconf 89' lang='lat' dir='ltr'>deinde</span> <span class='ocrx_word' id='word_1_169' title='bbox 645 2472 740 2539; x_wconf 82' lang='grc'><strong>15111,</strong></span> <span class='ocrx_word' id='word_1_170' title='bbox 763 2461 826 2524; x_wconf 84' lang='grc'><strong>5515</strong></span> <span class='ocrx_word' id='word_1_171' title='bbox 841 2461 873 2523; x_wconf 93' lang='grc'>15</span> <span class='ocrx_word' id='word_1_172' title='bbox 888 2462 979 2524; x_wconf 88' lang='lat' dir='ltr'>simili</span> <span class='ocrx_word' id='word_1_173' title='bbox 996 2461 1095 2526; x_wconf 84' lang='lat' dir='ltr'>torma</span> <span class='ocrx_word' id='word_1_174' title='bbox 1109 2464 1212 2526; x_wconf 85' lang='lat' dir='ltr'>Brevis</span> <span class='ocrx_word' id='word_1_175' title='bbox 1225 2463 1274 2528; x_wconf 89' lang='lat' dir='ltr'>die</span> <span class='ocrx_word' id='word_1_176' title='bbox 1291 2476 1328 2528; x_wconf 89' lang='grc'>15</span> 
     </span>
     <span class='ocr_line' id='line_1_22' title="bbox 181 2554 1329 2643; baseline 0.008 -27"><span class='ocrx_word' id='word_1_177' title='bbox 181 2554 352 2617; x_wconf 69' lang='lat' dir='ltr'>novenbris</span> <span class='ocrx_word' id='word_1_178' title='bbox 366 2555 511 2636; x_wconf 88' lang='lat' dir='ltr'>expeditis</span> <span class='ocrx_word' id='word_1_179' title='bbox 524 2557 630 2619; x_wconf 88' lang='lat' dir='ltr'>litteris</span> <span class='ocrx_word' id='word_1_180' title='bbox 641 2557 722 2620; x_wconf 89' lang='lat' dir='ltr'>idem</span> <span class='ocrx_word' id='word_1_181' title='bbox 735 2558 847 2620; x_wconf 84' lang='lat' dir='ltr'>Paulus</span> <span class='ocrx_word' id='word_1_182' title='bbox 856 2557 1057 2622; x_wconf 72' lang='lat' dir='ltr'>Proderessor</span> <span class='ocrx_word' id='word_1_183' title='bbox 1070 2557 1222 2642; x_wconf 79' lang='lat' dir='ltr'>pluribus,</span> <span class='ocrx_word' id='word_1_184' title='bbox 1237 2566 1329 2643; x_wconf 86' lang='grc'><strong>511155</strong></span> 
     </span>
     <span class='ocr_line' id='line_1_23' title="bbox 183 2653 1396 2735; baseline 0.007 -21"><span class='ocrx_word' id='word_1_185' title='bbox 183 2653 373 2734; x_wconf 85' lang='lat' dir='ltr'>amplissimis</span> <span class='ocrx_word' id='word_1_186' title='bbox 383 2655 543 2735; x_wconf 87' lang='lat' dir='ltr'>privilegiis</span> <span class='ocrx_word' id='word_1_187' title='bbox 560 2655 699 2717; x_wconf 90' lang='lat' dir='ltr'>eamdem</span> <span class='ocrx_word' id='word_1_188' title='bbox 713 2655 894 2718; x_wconf 85' lang='lat' dir='ltr'>Societatem</span> <span class='ocrx_word' id='word_1_189' title='bbox 910 2656 1053 2735; x_wconf 88' lang='lat' dir='ltr'>donavit,</span> <span class='ocrx_word' id='word_1_190' title='bbox 1068 2656 1148 2719; x_wconf 91' lang='grc'><strong>5115</strong></span> <span class='ocrx_word' id='word_1_191' title='bbox 1160 2657 1207 2720; x_wconf 88' lang='lat' dir='ltr'>bis</span> <span class='ocrx_word' id='word_1_192' title='bbox 1225 2655 1329 2722; x_wconf 91' lang='lat' dir='ltr'>indul-</span> <span class='ocrx_word' id='word_1_193' title='bbox 1394 2694 1396 2698; x_wconf 83' lang='grc'><em>·</em></span> 
     </span>
     <span class='ocr_line' id='line_1_24' title="bbox 183 2749 1329 2833; baseline 0.008 -23"><span class='ocrx_word' id='word_1_194' title='bbox 183 2756 249 2812; x_wconf 89' lang='lat' dir='ltr'>tum</span> <span class='ocrx_word' id='word_1_195' title='bbox 267 2749 340 2812; x_wconf 87' lang='lat' dir='ltr'>alins</span> <span class='ocrx_word' id='word_1_196' title='bbox 360 2768 415 2831; x_wconf 86' lang='lat' dir='ltr'>per</span> <span class='ocrx_word' id='word_1_197' title='bbox 427 2751 568 2814; x_wconf 83' lang='lat' dir='ltr'>eumdem</span> <span class='ocrx_word' id='word_1_198' title='bbox 581 2752 751 2833; x_wconf 85' lang='lat' dir='ltr'>Praepositis</span> <span class='ocrx_word' id='word_1_199' title='bbox 766 2752 955 2833; x_wconf 87' lang='lat' dir='ltr'>generalibus</span> <span class='ocrx_word' id='word_1_200' title='bbox 968 2752 1054 2815; x_wconf 79' lang='grc'><strong>111515</strong></span> <span class='ocrx_word' id='word_1_201' title='bbox 1074 2754 1232 2816; x_wconf 87' lang='lat' dir='ltr'>Societetis</span> <span class='ocrx_word' id='word_1_202' title='bbox 1251 2773 1329 2819; x_wconf 92' lang='grc'><strong>555-</strong></span> 
     </span>
     <span class='ocr_line' id='line_1_25' title="bbox 182 2846 1328 2932; baseline 0.003 -24"><span class='ocrx_word' id='word_1_203' title='bbox 182 2862 300 2908; x_wconf 87' lang='lat' dir='ltr'>cessum</span> <span class='ocrx_word' id='word_1_204' title='bbox 315 2846 490 2909; x_wconf 87' lang='lat' dir='ltr'>admittendi</span> <span class='ocrx_word' id='word_1_205' title='bbox 504 2848 607 2927; x_wconf 86' lang='lat' dir='ltr'>uiginti</span> <span class='ocrx_word' id='word_1_206' title='bbox 620 2849 815 2928; x_wconf 80' lang='lat' dir='ltr'>Presbyteros</span> <span class='ocrx_word' id='word_1_207' title='bbox 825 2847 1020 2925; x_wconf 83' lang='lat' dir='ltr'>Goadjutores</span> <span class='ocrx_word' id='word_1_208' title='bbox 1029 2848 1214 2929; x_wconf 88' lang='lat' dir='ltr'>spirituales,</span> <span class='ocrx_word' id='word_1_209' title='bbox 1224 2852 1328 2932; x_wconf 81' lang='lat' dir='ltr'>eisque</span> 
     </span>
     <span class='ocr_line' id='line_1_26' title="bbox 182 2941 1328 3024; baseline 0.003 -21"><span class='ocrx_word' id='word_1_210' title='bbox 182 2942 369 3024; x_wconf 88' lang='lat' dir='ltr'>impertiendi</span> <span class='ocrx_word' id='word_1_211' title='bbox 391 2943 512 3005; x_wconf 85' lang='lat' dir='ltr'>easdem</span> <span class='ocrx_word' id='word_1_212' title='bbox 537 2943 711 3018; x_wconf 81' lang='lat' dir='ltr'>facultates,</span> <span class='ocrx_word' id='word_1_213' title='bbox 734 2941 881 3020; x_wconf 82' lang='lat' dir='ltr'>gratiam,</span> <span class='ocrx_word' id='word_1_214' title='bbox 910 2948 942 3002; x_wconf 93' lang='grc'>51</span> <span class='ocrx_word' id='word_1_215' title='bbox 968 2944 1195 3022; x_wconf 88' lang='lat' dir='ltr'>auctoritatem,</span> <span class='ocrx_word' id='word_1_216' title='bbox 1219 2944 1328 3024; x_wconf 91' lang='lat' dir='ltr'>quibus</span> 
     </span>
     <span class='ocr_line' id='line_1_27' title="bbox 181 3036 1328 3120; baseline 0.001 -20"><span class='ocrx_word' id='word_1_217' title='bbox 181 3039 261 3100; x_wconf 88' lang='lat' dir='ltr'>Socii</span> <span class='ocrx_word' id='word_1_218' title='bbox 272 3038 328 3120; x_wconf 87' lang='lat' dir='ltr'>ipsi</span> <span class='ocrx_word' id='word_1_219' title='bbox 344 3038 470 3119; x_wconf 81' lang='lat' dir='ltr'>professi</span> <span class='ocrx_word' id='word_1_220' title='bbox 486 3038 649 3113; x_wconf 89' lang='lat' dir='ltr'>donantur,</span> <span class='ocrx_word' id='word_1_221' title='bbox 664 3036 703 3098; x_wconf 88' lang='lat' dir='ltr'>ad</span> <span class='ocrx_word' id='word_1_222' title='bbox 715 3037 790 3098; x_wconf 82' lang='lat' dir='ltr'>ulios</span> <span class='ocrx_word' id='word_1_223' title='bbox 806 3053 1017 3117; x_wconf 86' lang='lat' dir='ltr'>quoscunque,</span> <span class='ocrx_word' id='word_1_224' title='bbox 1032 3056 1109 3117; x_wconf 89' lang='lat' dir='ltr'>quos</span> <span class='ocrx_word' id='word_1_225' title='bbox 1124 3039 1250 3101; x_wconf 91' lang='lat' dir='ltr'>idoneos</span> <span class='ocrx_word' id='word_1_226' title='bbox 1264 3039 1328 3102; x_wconf 86' lang='grc'><strong>1515</strong></span> 
     </span>
     <span class='ocr_line' id='line_1_28' title="bbox 183 3134 1328 3216; baseline 0.003 -20"><span class='ocrx_word' id='word_1_227' title='bbox 183 3135 273 3198; x_wconf 90' lang='lat' dir='ltr'>iidem</span> <span class='ocrx_word' id='word_1_228' title='bbox 288 3135 439 3216; x_wconf 69' lang='lat' dir='ltr'>Praepositi</span> <span class='ocrx_word' id='word_1_229' title='bbox 451 3134 605 3214; x_wconf 83' lang='lat' dir='ltr'>generales</span> <span class='ocrx_word' id='word_1_230' title='bbox 618 3134 807 3211; x_wconf 86' lang='lat' dir='ltr'>censuerint,</span> <span class='ocrx_word' id='word_1_231' title='bbox 823 3135 885 3196; x_wconf 90' lang='lat' dir='ltr'>ullo</span> <span class='ocrx_word' id='word_1_232' title='bbox 897 3134 1012 3214; x_wconf 87' lang='lat' dir='ltr'>absque</span> <span class='ocrx_word' id='word_1_233' title='bbox 1023 3134 1138 3212; x_wconf 89' lang='lat' dir='ltr'>limite,</span> <span class='ocrx_word' id='word_1_234' title='bbox 1155 3142 1186 3197; x_wconf 88' lang='lat' dir='ltr'>ct</span> <span class='ocrx_word' id='word_1_235' title='bbox 1201 3154 1328 3200; x_wconf 90' lang='lat' dir='ltr'>numero</span> 
     </span>
     <span class='ocr_line' id='line_1_29' title="bbox 182 3231 1326 3315; baseline 0.003 -21"><span class='ocrx_word' id='word_1_236' title='bbox 182 3232 405 3295; x_wconf 86' lang='lat' dir='ltr'>extendendum</span> <span class='ocrx_word' id='word_1_237' title='bbox 417 3231 528 3308; x_wconf 90' lang='lat' dir='ltr'>voluit,</span> <span class='ocrx_word' id='word_1_238' title='bbox 541 3238 631 3311; x_wconf 89' lang='grc'><strong>511155</strong></span> <span class='ocrx_word' id='word_1_239' title='bbox 639 3231 810 3310; x_wconf 73' lang='grc'><strong>5155151111</strong></span> <span class='ocrx_word' id='word_1_240' title='bbox 823 3249 858 3294; x_wconf 90' lang='lat' dir='ltr'>ac</span> <span class='ocrx_word' id='word_1_241' title='bbox 871 3237 1015 3313; x_wconf 78' lang='lat' dir='ltr'>preterea</span> <span class='ocrx_word' id='word_1_242' title='bbox 1027 3232 1206 3295; x_wconf 88' lang='lat' dir='ltr'>Societatem</span> <span class='ocrx_word' id='word_1_243' title='bbox 1218 3233 1326 3315; x_wconf 87' lang='lat' dir='ltr'>ipsam,</span> 
     </span>
     <span class='ocr_line' id='line_1_30' title="bbox 181 3329 1327 3412; baseline 0.003 -20"><span class='ocrx_word' id='word_1_244' title='bbox 181 3337 212 3392; x_wconf 84' lang='lat' dir='ltr'>et</span> <span class='ocrx_word' id='word_1_245' title='bbox 232 3331 388 3392; x_wconf 87' lang='lat' dir='ltr'>universos</span> <span class='ocrx_word' id='word_1_246' title='bbox 401 3329 478 3392; x_wconf 90' lang='lat' dir='ltr'>illius</span> <span class='ocrx_word' id='word_1_247' title='bbox 491 3330 610 3407; x_wconf 78' lang='lat' dir='ltr'>Socim,</span> <span class='ocrx_word' id='word_1_248' title='bbox 623 3335 654 3391; x_wconf 92' lang='lat' dir='ltr'>et</span> <span class='ocrx_word' id='word_1_249' title='bbox 667 3346 827 3411; x_wconf 86' lang='lat' dir='ltr'>personas,</span> <span class='ocrx_word' id='word_1_250' title='bbox 845 3329 1026 3409; x_wconf 84' lang='lat' dir='ltr'>illorumque</span> <span class='ocrx_word' id='word_1_251' title='bbox 1044 3329 1124 3391; x_wconf 86' lang='lat' dir='ltr'>bona</span> <span class='ocrx_word' id='word_1_252' title='bbox 1139 3347 1327 3412; x_wconf 78' lang='lat' dir='ltr'>quacunque</span> 
     </span>
     <span class='ocr_line' id='line_1_31' title="bbox 182 3425 1327 3508; baseline 0.002 -20"><span class='ocrx_word' id='word_1_253' title='bbox 182 3425 1327 3508; x_wconf 76' lang='grc'><strong>511551515515115111515,1511111511555,151151115551155151555511550511-</strong></span> 
     </span>
     <span class='ocr_line' id='line_1_32' title="bbox 181 3521 1328 3604; baseline 0.001 -19"><span class='ocrx_word' id='word_1_254' title='bbox 181 3523 336 3586; x_wconf 86' lang='lat' dir='ltr'>narionun</span> <span class='ocrx_word' id='word_1_255' title='bbox 354 3523 480 3602; x_wconf 83' lang='lat' dir='ltr'>exemit,</span> <span class='ocrx_word' id='word_1_256' title='bbox 490 3528 521 3586; x_wconf 89' lang='grc'>51</span> <span class='ocrx_word' id='word_1_257' title='bbox 531 3523 708 3600; x_wconf 88' lang='lat' dir='ltr'>vindicavit,</span> <span class='ocrx_word' id='word_1_258' title='bbox 721 3541 757 3585; x_wconf 90' lang='lat' dir='ltr'>ac</span> <span class='ocrx_word' id='word_1_259' title='bbox 770 3521 827 3585; x_wconf 87' lang='lat' dir='ltr'>sub</span> <span class='ocrx_word' id='word_1_260' title='bbox 838 3541 907 3597; x_wconf 84' lang='lat' dir='ltr'>suo,</span> <span class='ocrx_word' id='word_1_261' title='bbox 923 3528 954 3584; x_wconf 89' lang='grc'>51</span> <span class='ocrx_word' id='word_1_262' title='bbox 965 3522 1142 3603; x_wconf 78' lang='lat' dir='ltr'>apostoliea</span> <span class='ocrx_word' id='word_1_263' title='bbox 1156 3522 1328 3604; x_wconf 82' lang='grc'><strong>811115155-</strong></span> 
     </span>
     <span class='ocr_line' id='line_1_33' title="bbox 184 3621 468 3702; baseline 0 -21"><span class='ocrx_word' id='word_1_264' title='bbox 184 3621 468 3702; x_wconf 84' lang='grc'><strong>15511555555111111.</strong></span> 
     </span>
    </p>

    <p class='ocr_par' dir='ltr' id='par_1_4' title="bbox 181 3716 1371 4579">
     <span class='ocr_line' id='line_1_34' title="bbox 224 3716 1328 3798; baseline 0.002 -18"><span class='ocrx_word' id='word_1_265' title='bbox 224 3730 272 3780; x_wconf 83' lang='grc'>11.</span> <span class='ocrx_word' id='word_1_266' title='bbox 291 3717 380 3780; x_wconf 88' lang='lat' dir='ltr'>llaud</span> <span class='ocrx_word' id='word_1_267' title='bbox 392 3716 560 3780; x_wconf 87' lang='grc'><strong>1515511511</strong></span> <span class='ocrx_word' id='word_1_268' title='bbox 572 3717 757 3798; x_wconf 88' lang='lat' dir='ltr'>reliquorum</span> <span class='ocrx_word' id='word_1_269' title='bbox 768 3716 1023 3780; x_wconf 80' lang='lat' dir='ltr'>Praedeoessomm</span> <span class='ocrx_word' id='word_1_270' title='bbox 1033 3723 1206 3780; x_wconf 86' lang='lat' dir='ltr'>nostrorum</span> <span class='ocrx_word' id='word_1_271' title='bbox 1220 3718 1328 3782; x_wconf 86' lang='lat' dir='ltr'>eadem</span> 
     </span>
     <span class='ocr_line' id='line_1_35' title="bbox 183 3811 1324 3894; baseline 0.001 -18"><span class='ocrx_word' id='word_1_272' title='bbox 183 3832 254 3894; x_wconf 89' lang='lat' dir='ltr'>erga</span> <span class='ocrx_word' id='word_1_273' title='bbox 280 3815 460 3876; x_wconf 85' lang='lat' dir='ltr'>Societatem</span> <span class='ocrx_word' id='word_1_274' title='bbox 482 3812 662 3890; x_wconf 87' lang='lat' dir='ltr'>liberalitas,</span> <span class='ocrx_word' id='word_1_275' title='bbox 677 3831 714 3875; x_wconf 91' lang='grc'>55</span> <span class='ocrx_word' id='word_1_276' title='bbox 738 3811 953 3875; x_wconf 83' lang='lat' dir='ltr'>munificentia.</span> <span class='ocrx_word' id='word_1_277' title='bbox 974 3815 1099 3876; x_wconf 89' lang='lat' dir='ltr'>Constat</span> <span class='ocrx_word' id='word_1_278' title='bbox 1116 3814 1199 3877; x_wconf 86' lang='lat' dir='ltr'>enim</span> <span class='ocrx_word' id='word_1_279' title='bbox 1221 3833 1239 3876; x_wconf 88' lang='lat' dir='ltr'>a</span> <span class='ocrx_word' id='word_1_280' title='bbox 1262 3833 1324 3878; x_wconf 87' lang='lat' dir='ltr'>rec.</span> 
     </span>
     <span class='ocr_line' id='line_1_36' title="bbox 183 3910 1326 3994; baseline 0 -20"><span class='ocrx_word' id='word_1_281' title='bbox 183 3913 335 3974; x_wconf 75' lang='lat' dir='ltr'>memorie</span> <span class='ocrx_word' id='word_1_282' title='bbox 349 3912 429 3974; x_wconf 87' lang='grc'><strong>15115</strong></span> <span class='ocrx_word' id='word_1_283' title='bbox 447 3912 499 3989; x_wconf 88' lang='grc'><strong>111,</strong></span> <span class='ocrx_word' id='word_1_284' title='bbox 521 3911 615 3972; x_wconf 90' lang='lat' dir='ltr'>Paulo</span> <span class='ocrx_word' id='word_1_285' title='bbox 635 3912 687 3988; x_wconf 80' lang='grc' dir='ltr'>Ν,</span> <span class='ocrx_word' id='word_1_286' title='bbox 704 3910 757 3973; x_wconf 89' lang='lat' dir='ltr'>Pio</span> <span class='ocrx_word' id='word_1_287' title='bbox 778 3912 818 3972; x_wconf 86' lang='lat' dir='ltr'>lv</span> <span class='ocrx_word' id='word_1_288' title='bbox 830 3917 861 3973; x_wconf 91' lang='lat' dir='ltr'>et</span> <span class='ocrx_word' id='word_1_289' title='bbox 874 3913 913 3990; x_wconf 90' lang='lat' dir='ltr'>V,</span> <span class='ocrx_word' id='word_1_290' title='bbox 928 3913 1072 3994; x_wconf 83' lang='lat' dir='ltr'>Gregorio</span> <span class='ocrx_word' id='word_1_291' title='bbox 1092 3915 1171 3991; x_wconf 90' lang='lat' dir='ltr'>lllll,</span> <span class='ocrx_word' id='word_1_292' title='bbox 1186 3915 1269 3977; x_wconf 85' lang='lat' dir='ltr'>Sixto</span> <span class='ocrx_word' id='word_1_293' title='bbox 1288 3918 1326 3991; x_wconf 86' lang='lat' dir='ltr'>V,</span> 
     </span>
     <span class='ocr_line' id='line_1_37' title="bbox 183 4009 1371 4092; baseline 0.003 -22"><span class='ocrx_word' id='word_1_294' title='bbox 183 4009 327 4089; x_wconf 88' lang='lat' dir='ltr'>Gregorio</span> <span class='ocrx_word' id='word_1_295' title='bbox 337 4010 416 4085; x_wconf 83' lang='lat' dir='ltr'>XIV,</span> <span class='ocrx_word' id='word_1_296' title='bbox 428 4009 580 4072; x_wconf 83' lang='lat' dir='ltr'>Clemente</span> <span class='ocrx_word' id='word_1_297' title='bbox 591 4011 669 4088; x_wconf 84' lang='lat' dir='ltr'>Vlll,</span> <span class='ocrx_word' id='word_1_298' title='bbox 683 4010 776 4072; x_wconf 90' lang='lat' dir='ltr'>Paulo</span> <span class='ocrx_word' id='word_1_299' title='bbox 786 4011 825 4086; x_wconf 86' lang='lat' dir='ltr'>V,</span> <span class='ocrx_word' id='word_1_300' title='bbox 846 4012 1009 4090; x_wconf 81' lang='grc'><strong>15555111,</strong></span> <span class='ocrx_word' id='word_1_301' title='bbox 1031 4012 1174 4092; x_wconf 87' lang='lat' dir='ltr'>Gregorio</span> <span class='ocrx_word' id='word_1_302' title='bbox 1189 4013 1253 4082; x_wconf 80' lang='lat' dir='ltr'>XV,</span> <span class='ocrx_word' id='word_1_303' title='bbox 1267 4013 1328 4074; x_wconf 88' lang='lat' dir='ltr'>Ur·</span> <span class='ocrx_word' id='word_1_304' title='bbox 1369 4032 1371 4036; x_wconf 91' lang='lat'>·</span> 
     </span>
     <span class='ocr_line' id='line_1_38' title="bbox 184 4104 1327 4189; baseline 0.004 -22"><span class='ocrx_word' id='word_1_305' title='bbox 184 4106 264 4167; x_wconf 89' lang='lat' dir='ltr'>barro</span> <span class='ocrx_word' id='word_1_306' title='bbox 279 4107 359 4182; x_wconf 88' lang='lat' dir='ltr'>Vlll,</span> <span class='ocrx_word' id='word_1_307' title='bbox 379 4104 503 4186; x_wconf 85' lang='lat' dir='ltr'>aliisque</span> <span class='ocrx_word' id='word_1_308' title='bbox 521 4107 664 4168; x_wconf 83' lang='lat' dir='ltr'>Romanis</span> <span class='ocrx_word' id='word_1_309' title='bbox 685 4104 879 4168; x_wconf 83' lang='lat' dir='ltr'>Pontificibus</span> <span class='ocrx_word' id='word_1_310' title='bbox 892 4107 1047 4189; x_wconf 87' lang='lat' dir='ltr'>privilegia</span> <span class='ocrx_word' id='word_1_311' title='bbox 1066 4108 1164 4170; x_wconf 90' lang='lat' dir='ltr'>eidem</span> <span class='ocrx_word' id='word_1_312' title='bbox 1184 4107 1327 4171; x_wconf 88' lang='lat' dir='ltr'>Societati</span> 
     </span>
     <span class='ocr_line' id='line_1_39' title="bbox 181 4202 1326 4282; baseline 0.003 -18"><span class='ocrx_word' id='word_1_313' title='bbox 181 4202 1087 4282; x_wconf 78' lang='grc'><strong>1555515511111515,151555115515151155,1115511555515</strong></span> <span class='ocrx_word' id='word_1_314' title='bbox 1096 4203 1326 4282; x_wconf 86' lang='lat' dir='ltr'>accessionibus,</span> 
     </span>
     <span class='ocr_line' id='line_1_40' title="bbox 185 4297 1328 4380; baseline 0.004 -22"><span class='ocrx_word' id='word_1_315' title='bbox 185 4301 231 4361; x_wconf 91' lang='grc'>151</span> <span class='ocrx_word' id='word_1_316' title='bbox 253 4297 438 4380; x_wconf 87' lang='lat' dir='ltr'>apertissime</span> <span class='ocrx_word' id='word_1_317' title='bbox 462 4298 623 4362; x_wconf 88' lang='lat' dir='ltr'>declarata.</span> <span class='ocrx_word' id='word_1_318' title='bbox 643 4301 687 4361; x_wconf 84' lang='lat' dir='ltr'>Ex</span> <span class='ocrx_word' id='word_1_319' title='bbox 708 4299 774 4380; x_wconf 91' lang='lat' dir='ltr'>ipso</span> <span class='ocrx_word' id='word_1_320' title='bbox 793 4307 895 4363; x_wconf 91' lang='lat' dir='ltr'>tamen</span> <span class='ocrx_word' id='word_1_321' title='bbox 917 4300 1156 4380; x_wconf 81' lang='lat' dir='ltr'>Apostolicorum</span> <span class='ocrx_word' id='word_1_322' title='bbox 1176 4301 1328 4364; x_wconf 83' lang='lat' dir='ltr'>Constitu—</span> 
     </span>
     <span class='ocr_line' id='line_1_41' title="bbox 184 4392 1328 4477; baseline 0 -19"><span class='ocrx_word' id='word_1_323' title='bbox 184 4396 299 4458; x_wconf 86' lang='lat' dir='ltr'>tionum</span> <span class='ocrx_word' id='word_1_324' title='bbox 312 4401 431 4472; x_wconf 87' lang='grc'><strong>155515,</strong></span> <span class='ocrx_word' id='word_1_325' title='bbox 447 4400 478 4456; x_wconf 89' lang='grc'>51</span> <span class='ocrx_word' id='word_1_326' title='bbox 493 4396 591 4458; x_wconf 87' lang='lat' dir='ltr'>verbis</span> <span class='ocrx_word' id='word_1_327' title='bbox 605 4396 706 4477; x_wconf 85' lang='lat' dir='ltr'>palam</span> <span class='ocrx_word' id='word_1_328' title='bbox 719 4393 869 4475; x_wconf 87' lang='lat' dir='ltr'>colligitur</span> <span class='ocrx_word' id='word_1_329' title='bbox 879 4395 986 4456; x_wconf 87' lang='lat' dir='ltr'>eadem</span> <span class='ocrx_word' id='word_1_330' title='bbox 997 4395 1027 4457; x_wconf 92' lang='lat' dir='ltr'>in</span> <span class='ocrx_word' id='word_1_331' title='bbox 1039 4395 1186 4458; x_wconf 88' lang='lat' dir='ltr'>Sociatate</span> <span class='ocrx_word' id='word_1_332' title='bbox 1198 4392 1328 4460; x_wconf 90' lang='grc'><strong>5551515</strong></span> 
     </span>
     <span class='ocr_line' id='line_1_42' title="bbox 186 4483 1328 4579; baseline -0.003 -20"><span class='ocrx_word' id='word_1_333' title='bbox 186 4491 319 4579; x_wconf 73' lang='grc'><strong>5111111115</strong></span> <span class='ocrx_word' id='word_1_334' title='bbox 334 4491 415 4555; x_wconf 88' lang='grc'><strong>15115</strong></span> <span class='ocrx_word' id='word_1_335' title='bbox 425 4491 633 4571; x_wconf 86' lang='lat' dir='ltr'>dissidiorum,</span> <span class='ocrx_word' id='word_1_336' title='bbox 646 4492 914 4557; x_wconf 84' lang='grc'><strong>555155151155515</strong></span> <span class='ocrx_word' id='word_1_337' title='bbox 925 4493 1040 4556; x_wconf 85' lang='lat' dir='ltr'>semina</span> <span class='ocrx_word' id='word_1_338' title='bbox 1053 4492 1232 4576; x_wconf 86' lang='lat' dir='ltr'>pullulasse,</span> <span class='ocrx_word' id='word_1_339' title='bbox 1243 4483 1328 4578; x_wconf 57' lang='lat' dir='ltr'>&#39;ipsos</span> 
     </span>
    </p>
   </div>
   <div class='ocr_carea' id='block_1_3' title="bbox 0 0 1605 5354">
    <p class='ocr_par' dir='ltr' id='par_1_5' title="bbox 0 0 1605 5354">
     <span class='ocr_line' id='line_1_43' title="bbox 0 0 1605 5354; baseline 0 0"><span class='ocrx_word' id='word_1_340' title='bbox 0 0 1605 5354; x_wconf 95' lang='lat' dir='ltr'> </span> 
     </span>
    </p>
   </div>
  </div>
 </body>
</html>
