3194 5354
340 474 392 525 tot
768 465 973 521 ctuatssuuts
990 466 1053 521 XlV

340 576 476 635 Fratrem
502 571 656 633 andream
688 572 862 651 episcopum
884 580 1018 633 vestrum
1047 569 1199 649 egerrime
1229 569 1354 632 terimus
1385 569 1489 633 adbuc

339 671 476 750 longeio
499 670 636 731 custodia
649 670 806 745 destinari,
830 689 926 750 neque
954 688 1044 751 posse
1059 689 1115 732 suo
1136 670 1240 732 adesse
1262 687 1300 731 ac
1324 671 1486 733 consulere

336 768 437 848 gregi,
451 767 535 848 quod
554 768 595 828 illi
612 786 674 847 prae
693 767 823 836 octena,
844 784 911 846 quc
932 765 1043 846 perfert
1056 772 1198 846 putamus
1220 784 1287 827 case
1302 767 1487 829 molestissi-

336 884 432 928 mum.
443 866 521 927 Huic
533 883 614 926 nunc
630 864 727 926 dolori
743 872 846 926 nostro
862 864 987 926 accessit
997 865 1137 925 cumulus
1149 881 1186 925 ex
1200 863 1286 925 obitu
1298 864 1485 928 Venerabilis

336 962 449 1024 lintris
458 961 580 1023 Antonii
594 961 726 1041 episcopi
741 961 931 1037 Coronensis,
941 961 990 1022 cui
1001 960 1121 1021 interim
1132 959 1231 1021 luerat
1244 959 1330 1022 istius
1342 961 1486 1023 celeste

335 1077 420 1136 cura,
433 1066 463 1120 et
475 1058 665 1140 episcopatus
681 1057 900 1120 administratio
913 1059 1086 1120 commissa.
1097 1058 1261 1120 Vobiscum
1275 1058 1390 1138 itaque,
1404 1078 1485 1140 quos

335 1174 373 1217 ea
386 1163 484 1220 morte
496 1155 650 1236 perculsos
667 1155 864 1231 arbitramur,
880 1157 995 1217 luctum
1016 1155 1097 1217 bunc
1115 1155 1299 1230 dividentes,
1320 1156 1424 1217 statim
1443 1156 1484 1218 ed

335 1251 514 1315 bancetiam
522 1251 1364 1333 reparandamllioviensisecclesiaajacturamapostolica
1373 1253 1485 1314 sollici-

335 1349 436 1410 tudine
448 1350 625 1424 excitamur,
638 1367 673 1410 ao
684 1348 809 1429 proinde
820 1367 856 1410 ex
867 1349 1068 1429 peculiaribus
1078 1349 1147 1410 lacti
1162 1348 1395 1410 circumstantiis
1406 1367 1483 1412 ιιοε-

335 1453 415 1506 tram
428 1452 562 1507 mentem
584 1445 674 1526 digno
696 1446 903 1523 moventibus,
919 1455 1033 1509 attento
1055 1447 1136 1509 dicto
1152 1447 1237 1508 obitu
1252 1447 1373 1509 Antonii
1388 1449 1484 1510 Gorc-

336 1543 439 1622 aynslti
462 1543 595 1623 episcopi
612 1543 805 1620 Coronansis,
822 1545 987 1624 apostolica
1007 1551 1110 1607 nostra
1135 1544 1334 1620 auctoritate,
1351 1544 1481 1608 dtuante

335 1647 438 1701 tamen
450 1646 586 1720 tempore
599 1641 736 1703 violenta
758 1640 938 1702 detentionis
956 1642 1089 1722 episcopi
1114 1640 1299 1717 lliovicnsis,
1315 1648 1346 1702 et
1357 1642 1482 1705 uremi-

335 1738 425 1798 cosiar
439 1738 671 1814 confirmamus,
694 1747 725 1801 et
738 1747 886 1819 quatenus
911 1758 987 1820 opus
1009 1740 1065 1816 sit,
1079 1739 1262 1819 deputamus
1282 1738 1323 1799 ad
1346 1739 1480 1819 regimen

335 1834 512 1912 dioeceseos,
525 1843 556 1896 et
569 1836 810 1916 procurationem
829 1856 938 1899 mensa
955 1838 1107 1917 totiusque
1129 1837 1321 1917 episcopatus
1332 1836 1481 1899 adminis-

335 1932 494 1996 irationem
517 1933 658 1996 dilectum
679 1934 773 1996 lilium
788 1936 964 2014 Cajetanum
978 1935 1179 1997 llosciszenski
1194 1935 1406 1997 scholasticum
1423 1953 1482 1996 ca-

334 2026 547 2106 thedralis,ita
561 2036 595 2091 nt
615 2050 633 2090 a
654 2031 772 2092 nemine
796 2032 851 2092 sub
872 2051 1052 2112 quocunque
1073 2032 1212 2113 praetensi
1228 2032 1323 2109 juris,
1336 2038 1368 2094 et
1384 2031 1482 2112 privi-

334 2127 401 2205 legii
426 2133 572 2207 praetextu
595 2128 635 2189 ab
663 2128 768 2189 eadem
796 2128 1052 2191 administratione
1074 2128 1227 2191 exturbari
1254 2129 1362 2205 valeat,
1388 2128 1481 2190 acin

333 2224 491 2298 omnibus,
510 2231 541 2285 et
561 2243 615 2304 per
639 2225 741 2286 omnia
763 2232 883 2286 servata
914 2225 1026 2294 torma,
1048 2233 1171 2286 etcum
1194 2225 1335 2286 omnibus
1355 2224 1481 2287 faculta-

334 2321 431 2396 tibus,
446 2321 556 2402 quibus
569 2340 606 2383 cx
618 2321 743 2401 epistola
756 2322 785 2382 iu
801 2321 899 2384 lorma
917 2323 1018 2384 Brevis
1037 2341 1098 2383 sac.
1118 2340 1210 2384 mem.
1227 2321 1478 2396 Clementiam,

333 2417 404 2478 data
415 2418 463 2479 die
479 2436 564 2477 ιιιιιι
575 2417 675 2496 aprilis
686 2435 867 2478 uncccxvur
878 2418 1037 2498 praedictus
1047 2418 1195 2480 Antonius
1205 2417 1388 2498 Gorczynski
1401 2437 1479 2481 con-

334 2512 472 2574 sumatus
495 2520 525 2572 et
548 2511 712 2592 deputatus
734 2512 814 2574 lecit.
838 2515 880 2573 Ex
902 2513 959 2575 bac
983 2512 1190 2575 sollicitudinis
1212 2519 1323 2575 uostrae
1345 2512 1478 2589 ratione,

334 2627 426 2687 quam
441 2608 470 2668 in
480 2608 637 2670 ecclesiam
650 2609 738 2671 istam
749 2608 942 2687 conferimus,
955 2611 1093 2691 cupimus
1104 2630 1282 2692 persuasum
1292 2612 1384 2673 etiam
1394 2612 1480 2673 vobis

334 2705 390 2777 sit,
406 2703 507 2765 dilecti
528 2703 599 2779 lilii,
618 2703 657 2764 de
678 2712 804 2785 paterna
824 2714 927 2767 nostra
948 2725 1019 2786 erga
1040 2726 1094 2769 vos
1108 2715 1301 2788 vestrumque
1320 2707 1480 2786 collegium

334 2798 463 2880 plurima
484 2799 626 2874 caritate,
640 2798 670 2859 in
684 2800 771 2877 cujus
784 2800 892 2880 pignus
907 2801 1103 2880 apostolicam
1122 2800 1362 2863 benedictionem
1382 2799 1478 2874 vobis,

333 2897 433 2960 dilecti
451 2896 516 2972 ulti,
537 2903 728 2977 peramanter
747 2897 945 2978 impertimur.
963 2901 1074 2960 Datum
1092 2901 1208 2970 Rome,
1227 2907 1292 2971 eto,
1309 2899 1359 2959 dte
1375 2911 1404 2960 tt
1421 2917 1481 2959 oa-

332 2999 414 3071 puste'
432 2999 730 3075 proponeremus
742 2999 838 3059 nostri
849 3014 929 3055 cono
941 2997 1080 3057 secundo.
1299 2987 1302 2991 ’

847 3227 960 3297 xevt.

669 3386 802 3427 calueto
825 3385 913 3426 ululo
936 3385 1044 3427 uostul
1069 3384 1148 3426 VIRO

574 3494 931 3552 communitatum
965 3493 1020 3552 llll
1052 3491 1237 3552 ALMADA

333 3614 516 3667 rinanrssnn
534 3619 622 3667 uncis
639 3619 721 3665 aron
734 3618 877 3666 sauciati
890 3618 993 3666 sunau
1005 3617 1157 3666 umrsmo
1171 3582 1481 3666 rnaureoruurrtnio

641 3726 875 3802 CLEMENS
900 3727 1030 3803 Paua
1060 3723 1164 3798 xtV.

1088 3876 1178 3931 Rnnrn,
1194 3880 1221 3920 td
1236 3872 1328 3934 augusti
1345 3877 1413 3921 ¹770.

372 3981 499 4047 Dilecto,
512 3988 570 4039 etr.
584 3983 658 4041 Cum
672 3991 828 4062 perspecta
843 3981 882 4043 sit
895 3980 991 4062 pietas
1006 3975 1098 4041 Nobis
1117 3986 1180 4056 tua,
1201 3978 1308 4039 dilecte
1326 3977 1367 4038 dli
1387 3977 1481 4038 nobi-

329 4078 364 4137 lis
379 4078 433 4153 sir,
455 4096 490 4137 ac
513 4076 642 4157 plurima
656 4097 727 4158 erga
746 4087 884 4141 sanctum
902 4078 1067 4159 loseplrum
1086 4077 1123 4138 de
1142 4076 1302 4157 Cupcrtino
1319 4073 1362 4134 tui
1383 4073 1480 4134 artimi

328 4175 461 4253 devotio,
485 4184 515 4235 et
536 4176 726 4237 carneadem
745 4176 830 4237 valde
848 4194 918 4236 cum
941 4182 1043 4238 nostra
1066 4183 1212 4255 congruat
1232 4173 1374 4254 (mirifice
1395 4173 1481 4237 enim

328 4281 357 4330 et
370 4273 446 4334 illins
459 4276 580 4336 uirtutes
593 4275 788 4350 admiramur,
802 4283 832 4335 et
843 4275 1010 4354 patrocinio
1023 4274 1156 4353 adjuvari
1169 4273 1367 4349 confidimus)
1380 4271 1481 4352 ipsam

327 4369 426 4430 studio
445 4373 537 4432 etiam
556 4392 627 4453 erga
647 4381 676 4434 te
691 4379 793 4432 nostro
808 4372 925 4449 lovere,
948 4383 1037 4453 atque
1057 4373 1222 4435 auctiorem
1241 4372 1481 4451 alacrioremque

326 4465 550 4545 ortodammodo
572 4469 697 4531 reddere
712 4467 909 4530 decrevimus.
927 4470 1073 4531 Mittimus
1086 4470 1212 4551 proinde
1227 4469 1279 4532 tibi
1297 4470 1363 4548 ejus
1381 4468 1480 4531 sancti
