3194 5354
469 491 651 548 EPISTOLAE
668 489 716 544 ΕΤ
732 488 867 544 Bnevm
887 482 1118 544 SELECTIORA.
1335 493 1368 544 lli

220 602 314 668 Nobis
334 598 465 661 maxime
486 595 569 659 cordi
583 614 649 657 esse
668 595 794 672 debent,
818 594 860 656 ita
873 594 1023 673 integrum
1039 611 1103 655 esse
1124 610 1185 653 non
1199 593 1316 656 sinunt.
1336 604 1368 655 ut

222 700 333 784 optatis
345 699 422 775 tuis,
440 702 608 774 nostreque
628 694 667 754 de
683 700 713 753 te
731 693 877 754 voluntati
891 691 1120 754 satisfaciamus.
1142 691 1259 771 Optime
1273 693 1367 753 nosti.

222 796 405 861 Venerabilis
418 797 531 870 Frater,
541 791 615 873 quid
626 791 792 852 Tridentini
806 800 908 872 patrea
921 793 1001 854 Sess.
1015 793 1120 853 xxm.
1134 793 1207 873 Gap.
1228 806 1254 870 1,
1268 796 1306 856 de
1319 815 1370 858 re-

223 892 313 959 lorm.
331 893 478 956 senserint
499 894 648 972 precepto
668 887 770 950 divino
796 907 905 970 nempe
925 889 1102 951 mandatum
1124 907 1192 953 esse
1217 892 1369 955 omnibus.

224 995 332 1076 quibus
346 992 514 1053 animarum
528 1007 603 1050 cura
623 987 784 1048 commissa
805 994 868 1062 est,
884 1004 1039 1049 cressum
1056 1003 1233 1066 agnoscere,
1253 987 1372 1068 probis

224 1091 404 1155 sacriflcimn
417 1088 538 1175 oilerre.
559 1086 726 1167 spiritualis
744 1085 832 1166 igitur
847 1104 926 1149 cure
943 1105 1013 1168 pars
1026 1094 1072 1149 est
1085 1086 1221 1150 sacrificii
1239 1108 1257 1150 a
1280 1109 1373 1171 paro-

224 1190 287 1253 chis
300 1187 436 1250 iacienda
448 1205 505 1269 pro
522 1185 642 1269 populis
656 1184 785 1254 oblatio,
799 1183 828 1246 iu
847 1203 941 1266 eaque
961 1184 1132 1247 necessario
1145 1183 1209 1246 hec
1224 1204 1279 1265 per
1294 1185 1373 1248 divi-

225 1304 298 1347 num
312 1286 364 1364 jus
378 1284 566 1361 continetur3
584 1281 710 1364 proinde
729 1298 867 1361 quanam
887 1283 960 1344 satis
980 1300 1045 1343 esse
1058 1298 1150 1344 causa
1161 1282 1271 1363 possit,
1286 1289 1320 1346 ut
1335 1283 1373 1345 ab

225 1381 331 1444 eadem
347 1381 535 1460 disjungatur
557 1397 593 1441 ac
613 1378 827 1441 abscindatur?
846 1396 986 1440 mancam
1004 1378 1084 1438 enim
1099 1385 1171 1439 tunc
1191 1379 1274 1439 illam
1294 1397 1374 1458 quo-

225 1477 389 1540 dammodo
411 1496 446 1539 ac
466 1476 645 1538 imbecillem
664 1493 819 1537 remanere
840 1492 961 1537 necesse
981 1481 1070 1536 esset.
1092 1474 1170 1549 Quid
1188 1475 1279 1536 etiam
1298 1473 1375 1536 doc-

225 1576 358 1639 tissimus
378 1594 413 1636 ac
429 1591 585 1636 sacrarum
597 1572 745 1654 ejusmodi
767 1592 867 1635 rerum
883 1574 1155 1655 experientissimus
1175 1574 1375 1656 predecessor

225 1681 328 1736 noster
337 1673 515 1735 Benedictus
527 1675 611 1747 xlv,
632 1672 670 1734 de
682 1672 741 1734 boe
762 1673 826 1753 ipso
843 1671 985 1750 judicarit
1000 1692 1036 1734 ac
1055 1674 1186 1735 sanxerit
1204 1674 1234 1735 in
1255 1691 1310 1735 sua
1325 1673 1375 1734 illa

225 1773 384 1853 Encyclica
402 1773 473 1834 anni
490 1785 577 1849 1744,
592 1790 658 1853 qua
669 1771 797 1853 incipit:
819 1773 893 1832 Cum
904 1791 1019 1851 semper
1030 1774 1122 1835 latere
1136 1782 1179 1844 te,
1191 1773 1376 1836 Venerabilis

226 1869 340 1947 Frater,
354 1887 415 1931 non
428 1876 538 1951 potest.
551 1871 595 1929 lta
609 1868 746 1929 sacrificii
766 1868 999 1949 applicationem
1014 1869 1182 1931 animarum
1203 1888 1308 1933 curam
1319 1890 1376 1950 ge-

226 1965 360 2028 rentibus
375 1984 432 2046 pro
449 1983 504 2025 suo
524 1965 638 2045 populo
661 1964 832 2045 impositam
851 1983 916 2026 esse
930 1983 1001 2027 cum
1022 1984 1057 2026 ex
1076 1965 1240 2028 Tridentini
1259 1967 1375 2029 concilii

227 2070 292 2123 tum
306 2081 343 2122 cx
353 2060 525 2142 apostolica
535 2060 612 2121 sedis
623 2060 750 2123 decretis
770 2061 944 2139 confirmat,
964 2069 998 2122 ut
1013 2061 1189 2124 eorumdem
1201 2063 1261 2124 vim
1276 2064 1376 2144 aliquo

226 2157 320 2218 modo
333 2155 503 2229 infirmandi
523 2164 575 2218 aut
588 2157 757 2219 declinandi
771 2159 888 2220 nullum
906 2165 1019 2220 statuat
1030 2176 1095 2220 esse
1107 2159 1244 2220 relictum
1258 2158 1375 2234 locum,

229 2254 321 2314 teneri
338 2253 464 2334 proinde
478 2254 605 2316 vicarios
620 2254 730 2331 etiam,
743 2255 797 2315 etsi
819 2254 992 2316 amovibiles
1005 2254 1047 2315 illi
1061 2254 1136 2331 sint,
1160 2260 1212 2316 aut
1232 2253 1270 2316 ad
1288 2255 1385 2341 breve,

226 2356 348 2430 tenipus
359 2348 506 2428 ejusmodi
520 2368 599 2413 cura
613 2350 738 2429 addicti,
751 2351 942 2432 pronuntiat,
956 2351 1151 2432 excusarique
1165 2352 1210 2413 vel
1225 2350 1378 2414 redituum

227 2447 374 2508 tenuitate
387 2448 434 2509 rel
452 2448 682 2511 immemorabili
702 2450 855 2511 contraria
868 2447 1083 2511 consuetudine
1105 2467 1195 2530 posse
1211 2449 1375 2512 neminem.

228 2545 378 2607 Nonnihil
396 2553 497 2607 tantm
512 2546 714 2627 indulgentior
728 2549 760 2608 in
777 2547 844 2608 illos
857 2537 919 2622 est,
934 2547 985 2627 qui
998 2554 1175 2627 paupertate
1189 2547 1284 2628 pressi
1296 2546 1379 2608 eleev

229 2660 388 2723 mosynam
405 2643 454 2704 die
469 2644 544 2706 sesto
567 2664 622 2725 pro
645 2645 845 2726 applicatione
859 2646 956 2707 missa
977 2647 1117 2727 privatim
1142 2646 1278 2709 iacienda
1299 2648 1379 2707 reci-

228 2737 325 2818 piunt.
355 2740 430 2800 Cum
463 2739 497 2801 iis
524 2741 604 2802 enim
630 2751 800 2822 opportune
826 2743 1020 2824 dispensandi
1043 2742 1216 2804 facultatem
1242 2745 1380 2805 concedit

228 2835 387 2916 Episcopo,
407 2837 447 2896 ita
466 2844 567 2898 tamen
583 2846 616 2898 ut
636 2839 759 2900 totidem
780 2839 888 2900 missas
909 2838 986 2900 inira
1000 2839 1136 2899 eamdem
1156 2837 1379 2900 hebdomadam

228 2951 285 3013 pro
297 2933 410 3012 populo
425 2934 575 3014 applicare
596 2943 764 3010 teneantur,
780 2953 855 3014 quos
875 2935 906 2995 in
927 2935 1033 2995 diebus
1047 2935 1129 2995 lestis
1149 2936 1187 2994 ad
1198 2935 1380 3014 peculiarem

227 3029 399 3107 cujuspiam
423 3029 617 3090 intentionem
639 3030 811 3090 obtulerint.
836 3031 899 3090 llac
922 3031 985 3109 ipse
1003 3029 1094 3089 etiam
1117 3031 1178 3104 uti,
1196 3028 1380 3090 Venerabilis

224 3115 345 3203 Frater,
361 3127 384 3186 si
408 3133 613 3206 opportunum
631 3126 728 3186 visum
747 3126 836 3186 luerit
858 3127 1087 3206 temperamenti
1109 3126 1230 3187 lenitate
1252 3142 1305 3207 per
1322 3128 1382 3186 Nos

229 3230 326 3302 potes.
346 3223 404 3285 Sed
420 3210 584 3304 prasertim
598 3223 754 3286 intendere
769 3225 903 3287 animum
921 3225 951 3286 in
962 3244 999 3286 ea
1016 3225 1148 3286 rernedia
1166 3243 1222 3306 par
1241 3233 1303 3302 est,
1316 3246 1382 3306 qua

229 3318 344 3380 scilicet
359 3327 581 3380 asncrosancta
595 3319 770 3381 Tridentina
786 3321 902 3400 synodo
923 3324 1001 3382 Sess.
1018 3321 1081 3380 Vll.
1095 3323 1167 3402 Cap.
1184 3323 1236 3381 Vll
1257 3329 1287 3383 et
1299 3324 1379 3383 Sess.

234 3415 339 3490 XXIV,
360 3416 432 3496 Cap.
456 3416 534 3492 Xlll,
557 3417 774 3496 sapientissime
804 3419 1046 3499 prescribuutur,
1070 3436 1195 3500 quaque
1220 3439 1265 3481 sa.
1288 3439 1380 3503 mem,

231 3515 301 3576 Pius
318 3516 360 3591 V,
382 3502 582 3596 predecessor
599 3522 711 3592 noster,
728 3516 757 3577 in
776 3535 832 3577 sua
849 3517 1080 3594 constitutione,
1100 3536 1165 3599 qua
1180 3517 1284 3599 incipit
1304 3542 1311 3578 ι
1333 3520 1383 3578 Ad

231 3615 438 3692 accquendam
454 3616 614 3693 ponorabr
628 3615 722 3694 officia·
743 3615 892 3686 debitam,
908 3615 978 3676 anni
996 3622 1090 3691 teet,
1105 3632 1161 3697 pro
1180 3614 1382 3694 assignatione

234 3706 385 3771 fructuum
396 3711 515 3772 vicariis
525 3710 661 3773 iacienda
672 3710 824 3773 mandarit
835 3712 1082 3794 confirmavitque
1095 3711 1233 3794 superius
1243 3710 1383 3775 laudatus

233 3805 366 3885 pontilex
380 3809 558 3871 Benedictus
573 3811 650 3887 XlV,
667 3828 702 3871 ac
722 3811 907 3873 necessarias
921 3827 1027 3873 omnes
1044 3811 1154 3873 idcirco
1167 3816 1257 3892 atque
1269 3828 1384 3894 oppor-

233 3911 322 3964 tunas
347 3904 506 3970 facultates
529 3908 559 3968 in
577 3907 686 3968 eadem
707 3907 757 3968 illa
772 3927 827 3969 sua
844 3908 1004 3989 Encyclica
1026 3907 1184 3970 concessit.
1205 3910 1303 3985 Quam
1323 3908 1384 3968 Nos

232 4001 323 4063 etiam
337 4002 602 4081 tibi,Venerabilis
610 4006 724 4084 Frater,
740 4005 938 4087 apostolicam
949 4006 1173 4069 concessionem
1182 4006 1255 4068 dum
1271 4007 1385 4084 imper-

232 4103 336 4182 timur,
349 4103 491 4185 prodesse
506 4105 645 4168 eamdem
663 4105 794 4167 multum
805 4119 893 4186 posse
909 4112 962 4167 tua
975 4104 1121 4186 sapientia
1132 4104 1199 4167 ireti
1215 4120 1276 4165 non
1293 4100 1385 4162 dubi-

236 4210 346 4265 tamus.
357 4206 433 4267 Earn
443 4204 515 4266 item
526 4205 579 4267 tibi
590 4205 718 4266 libenter
727 4208 908 4284 potestatem
919 4202 1038 4280 damus,
1055 4212 1088 4264 ut
1100 4211 1158 4264 tua
1166 4197 1301 4261 niarasis
1311 4216 1385 4280 par-

236 4298 346 4360 mcbos
360 4317 396 4361 ac
410 4299 537 4363 vicarios
555 4319 660 4363 omnes
673 4300 856 4381 qmcumque
875 4300 1021 4364 hacwnus
1041 4299 1090 4360 die
1107 4296 1243 4378 quolibet
1260 4295 1298 4357 de
1311 4314 1385 4378 pra-

235 4402 326 4476 eepto
339 4412 459 4459 sacrum
475 4416 532 4478 pro
551 4398 666 4479 populo
683 4396 780 4458 iacere
800 4397 982 4472 omiserunt,
996 4398 1034 4458 ab
1049 4395 1144 4469 illius,
1159 4392 1241 4473 quod
1259 4392 1382 4466 exinde,

233 4512 271 4555 ex
285 4493 436 4576 preterito
444 4494 697 4577 scilicettempore
708 4539 716 4568 ,
728 4501 942 4555 contraxerunt
951 4493 1064 4569 oneris,
1074 4491 1172 4570 aliqua
1185 4497 1270 4571 parte
1278 4489 1385 4550 liberes
