<?xml version="1.0" encoding="UTF-8"?>
<!DOCTYPE html PUBLIC "-//W3C//DTD XHTML 1.0 Transitional//EN"
    "http://www.w3.org/TR/xhtml1/DTD/xhtml1-transitional.dtd">
<html xmlns="http://www.w3.org/1999/xhtml" xml:lang="en" lang="en">
 <head>
  <title>
</title>
<meta http-equiv="Content-Type" content="text/html;charset=utf-8" />
  <meta name='ocr-system' content='tesseract 3.04.00' />
  <meta name='ocr-capabilities' content='ocr_page ocr_carea ocr_par ocr_line ocrx_word'/>
</head>
<body>
  <div class='ocr_page' id='page_1' title='image "./clementisxivpon01clemgoog_0171.png"; bbox 0 0 3194 5354; ppageno 0'>
   <div class='ocr_carea' id='block_1_1' title="bbox 235 496 1387 879">
    <p class='ocr_par' dir='ltr' id='par_1_1' title="bbox 238 496 948 558">
     <span class='ocr_line' id='line_1_1' title="bbox 238 496 948 558; baseline -0.013 0"><span class='ocrx_word' id='word_1_1' title='bbox 238 507 288 558; x_wconf 77' lang='lat'>{56</span> <span class='ocrx_word' id='word_1_2' title='bbox 666 496 867 552; x_wconf 83' lang='lat' dir='ltr'>CLEMENTlS</span> <span class='ocrx_word' id='word_1_3' title='bbox 885 497 948 550; x_wconf 81' lang='lat' dir='ltr'>xlv</span> 
     </span>
    </p>

    <p class='ocr_par' dir='ltr' id='par_1_2' title="bbox 235 601 1387 879">
     <span class='ocr_line' id='line_1_2' title="bbox 236 601 1387 683; baseline -0.002 -14"><span class='ocrx_word' id='word_1_4' title='bbox 236 607 330 669; x_wconf 86' lang='lat' dir='ltr'>animi</span> <span class='ocrx_word' id='word_1_5' title='bbox 342 605 532 683; x_wconf 88' lang='lat' dir='ltr'>jucunditate</span> <span class='ocrx_word' id='word_1_6' title='bbox 551 621 611 664; x_wconf 79' lang='lat' dir='ltr'>iton</span> <span class='ocrx_word' id='word_1_7' title='bbox 631 602 780 665; x_wconf 87' lang='lat' dir='ltr'>recordari</span> <span class='ocrx_word' id='word_1_8' title='bbox 797 601 941 664; x_wconf 82' lang='lat' dir='ltr'>carissimi</span> <span class='ocrx_word' id='word_1_9' title='bbox 961 602 991 662; x_wconf 88' lang='lat' dir='ltr'>in</span> <span class='ocrx_word' id='word_1_10' title='bbox 1005 602 1123 664; x_wconf 84' lang='lat' dir='ltr'>Christo</span> <span class='ocrx_word' id='word_1_11' title='bbox 1146 602 1197 664; x_wconf 85' lang='lat' dir='ltr'>lilii</span> <span class='ocrx_word' id='word_1_12' title='bbox 1216 604 1312 666; x_wconf 90' lang='lat' dir='ltr'>nostri</span> <span class='ocrx_word' id='word_1_13' title='bbox 1328 607 1387 668; x_wconf 88' lang='lat' dir='ltr'>Jo-</span> 
     </span>
     <span class='ocr_line' id='line_1_3' title="bbox 236 698 1385 785; baseline -0.003 -21"><span class='ocrx_word' id='word_1_14' title='bbox 236 702 320 783; x_wconf 85' lang='lat' dir='ltr'>sephi</span> <span class='ocrx_word' id='word_1_15' title='bbox 340 701 529 781; x_wconf 79' lang='lat' dir='ltr'>Portugalliaa</span> <span class='ocrx_word' id='word_1_16' title='bbox 548 707 578 762; x_wconf 89' lang='lat' dir='ltr'>et</span> <span class='ocrx_word' id='word_1_17' title='bbox 599 699 809 780; x_wconf 79' lang='lat' dir='ltr'>Algarbiorum</span> <span class='ocrx_word' id='word_1_18' title='bbox 832 699 921 778; x_wconf 80' lang='lat' dir='ltr'>Regis</span> <span class='ocrx_word' id='word_1_19' title='bbox 941 698 1136 775; x_wconf 70' lang='lat' dir='ltr'>fidelissimi,</span> <span class='ocrx_word' id='word_1_20' title='bbox 1156 700 1195 761; x_wconf 91' lang='lat' dir='ltr'>de</span> <span class='ocrx_word' id='word_1_21' title='bbox 1219 719 1281 780; x_wconf 91' lang='lat' dir='ltr'>quo</span> <span class='ocrx_word' id='word_1_22' title='bbox 1304 721 1385 785; x_wconf 75' lang='lat' dir='ltr'>saepe</span> 
     </span>
     <span class='ocr_line' id='line_1_4' title="bbox 235 795 1386 879; baseline -0.002 -17"><span class='ocrx_word' id='word_1_23' title='bbox 235 806 324 862; x_wconf 88' lang='lat' dir='ltr'>antea</span> <span class='ocrx_word' id='word_1_24' title='bbox 337 818 391 861; x_wconf 86' lang='lat' dir='ltr'>vos</span> <span class='ocrx_word' id='word_1_25' title='bbox 405 799 525 861; x_wconf 91' lang='lat' dir='ltr'>allocuti</span> <span class='ocrx_word' id='word_1_26' title='bbox 539 815 644 859; x_wconf 93' lang='lat' dir='ltr'>sumus</span> <span class='ocrx_word' id='word_1_27' title='bbox 654 803 685 859; x_wconf 89' lang='lat' dir='ltr'>et</span> <span class='ocrx_word' id='word_1_28' title='bbox 696 814 934 858; x_wconf 89' lang='lat' dir='ltr'>commemorare</span> <span class='ocrx_word' id='word_1_29' title='bbox 947 813 1024 856; x_wconf 81' lang='lat' dir='ltr'>noea</span> <span class='ocrx_word' id='word_1_30' title='bbox 1037 814 1073 857; x_wconf 91' lang='lat' dir='ltr'>ac</span> <span class='ocrx_word' id='word_1_31' title='bbox 1087 795 1215 858; x_wconf 92' lang='lat' dir='ltr'>illustria</span> <span class='ocrx_word' id='word_1_32' title='bbox 1233 815 1294 859; x_wconf 79' lang='lat' dir='ltr'>sua</span> <span class='ocrx_word' id='word_1_33' title='bbox 1312 816 1386 879; x_wconf 82' lang='lat' dir='ltr'>erga</span> 
     </span>
    </p>
   </div>
   <div class='ocr_carea' id='block_1_2' title="bbox 233 894 1385 1369">
    <p class='ocr_par' dir='ltr' id='par_1_3' title="bbox 233 894 1385 1369">
     <span class='ocr_line' id='line_1_5' title="bbox 236 894 1385 977; baseline 0.002 -19"><span class='ocrx_word' id='word_1_34' title='bbox 236 899 297 959; x_wconf 82' lang='lat' dir='ltr'>Nos</span> <span class='ocrx_word' id='word_1_35' title='bbox 311 902 409 976; x_wconf 78' lang='lat' dir='ltr'>‘atque</span> <span class='ocrx_word' id='word_1_36' title='bbox 423 896 502 958; x_wconf 88' lang='lat' dir='ltr'>hanc</span> <span class='ocrx_word' id='word_1_37' title='bbox 511 895 715 976; x_wconf 73' lang='lat' dir='ltr'>apostolicam</span> <span class='ocrx_word' id='word_1_38' title='bbox 732 894 841 955; x_wconf 89' lang='lat' dir='ltr'>Scdem</span> <span class='ocrx_word' id='word_1_39' title='bbox 862 894 1100 971; x_wconf 83' lang='lat' dir='ltr'>conjunctionis,</span> <span class='ocrx_word' id='word_1_40' title='bbox 1119 895 1245 972; x_wconf 91' lang='lat' dir='ltr'>amoris,</span> <span class='ocrx_word' id='word_1_41' title='bbox 1262 897 1385 977; x_wconf 89' lang='lat' dir='ltr'>pictatis</span> 
     </span>
     <span class='ocr_line' id='line_1_6' title="bbox 235 988 1385 1071; baseline 0.001 -16"><span class='ocrx_word' id='word_1_42' title='bbox 235 992 421 1055; x_wconf 89' lang='lat' dir='ltr'>testimonia.</span> <span class='ocrx_word' id='word_1_43' title='bbox 444 991 558 1053; x_wconf 88' lang='lat' dir='ltr'>Eadem</span> <span class='ocrx_word' id='word_1_44' title='bbox 574 1008 655 1051; x_wconf 90' lang='lat' dir='ltr'>nnnc</span> <span class='ocrx_word' id='word_1_45' title='bbox 674 988 865 1070; x_wconf 90' lang='lat' dir='ltr'>potissimum</span> <span class='ocrx_word' id='word_1_46' title='bbox 884 990 976 1051; x_wconf 88' lang='lat' dir='ltr'>Nobis</span> <span class='ocrx_word' id='word_1_47' title='bbox 994 988 1127 1052; x_wconf 73' lang='lat' dir='ltr'><strong>declarat</strong></span> <span class='ocrx_word' id='word_1_48' title='bbox 1149 998 1240 1071; x_wconf 65' lang='lat' dir='ltr'>aterne</span> <span class='ocrx_word' id='word_1_49' title='bbox 1259 993 1385 1056; x_wconf 87' lang='lat' dir='ltr'>exbibet</span> 
     </span>
     <span class='ocr_line' id='line_1_7' title="bbox 234 1084 1384 1170; baseline 0 -18"><span class='ocrx_word' id='word_1_50' title='bbox 234 1108 355 1153; x_wconf 90' lang='lat' dir='ltr'>summa</span> <span class='ocrx_word' id='word_1_51' title='bbox 371 1089 423 1151; x_wconf 92' lang='lat' dir='ltr'>illa</span> <span class='ocrx_word' id='word_1_52' title='bbox 434 1087 529 1150; x_wconf 80' lang='lat' dir='ltr'>nostri</span> <span class='ocrx_word' id='word_1_53' title='bbox 544 1105 616 1166; x_wconf 80' lang='lat' dir='ltr'>erga</span> <span class='ocrx_word' id='word_1_54' title='bbox 629 1105 661 1148; x_wconf 91' lang='lat' dir='ltr'>se</span> <span class='ocrx_word' id='word_1_55' title='bbox 675 1085 780 1163; x_wconf 88' lang='lat' dir='ltr'>studii,</span> <span class='ocrx_word' id='word_1_56' title='bbox 800 1084 1016 1165; x_wconf 82' lang='lat' dir='ltr'>singularisque</span> <span class='ocrx_word' id='word_1_57' title='bbox 1032 1084 1167 1147; x_wconf 86' lang='lat' dir='ltr'>caritatis</span> <span class='ocrx_word' id='word_1_58' title='bbox 1178 1085 1306 1166; x_wconf 83' lang='lat' dir='ltr'>fiducia,</span> <span class='ocrx_word' id='word_1_59' title='bbox 1321 1109 1384 1170; x_wconf 93' lang='lat' dir='ltr'>qua</span> 
     </span>
     <span class='ocr_line' id='line_1_8' title="bbox 236 1179 1384 1270; baseline -0.003 -19"><span class='ocrx_word' id='word_1_60' title='bbox 236 1189 312 1270; x_wconf 89' lang='lat' dir='ltr'>petit</span> <span class='ocrx_word' id='word_1_61' title='bbox 333 1186 471 1262; x_wconf 91' lang='lat' dir='ltr'>aNobis‚</span> <span class='ocrx_word' id='word_1_62' title='bbox 494 1193 528 1247; x_wconf 91' lang='lat' dir='ltr'>ut</span> <span class='ocrx_word' id='word_1_63' title='bbox 549 1184 666 1246; x_wconf 82' lang='lat' dir='ltr'>Rullam</span> <span class='ocrx_word' id='word_1_64' title='bbox 685 1181 828 1243; x_wconf 79' lang='lat' dir='ltr'>cruciata</span> <span class='ocrx_word' id='word_1_65' title='bbox 846 1199 902 1260; x_wconf 92' lang='lat' dir='ltr'>pro</span> <span class='ocrx_word' id='word_1_66' title='bbox 916 1179 1027 1242; x_wconf 87' lang='lat' dir='ltr'>tuenda</span> <span class='ocrx_word' id='word_1_67' title='bbox 1040 1181 1296 1264; x_wconf 80' lang='lat' dir='ltr'>propagandaque</span> <span class='ocrx_word' id='word_1_68' title='bbox 1316 1185 1384 1247; x_wconf 88' lang='lat' dir='ltr'>reli-</span> 
     </span>
     <span class='ocr_line' id='line_1_9' title="bbox 233 1279 1384 1369; baseline -0.003 -22"><span class='ocrx_word' id='word_1_69' title='bbox 233 1286 325 1366; x_wconf 77' lang='lat' dir='ltr'>gione</span> <span class='ocrx_word' id='word_1_70' title='bbox 339 1284 507 1369; x_wconf 75' lang='lat' dir='ltr'>institutam</span> <span class='ocrx_word' id='word_1_71' title='bbox 519 1299 716 1356; x_wconf 80' lang='lat' dir='ltr'>renovemus,</span> <span class='ocrx_word' id='word_1_72' title='bbox 738 1286 828 1358; x_wconf 82' lang='lat' dir='ltr'>atque</span> <span class='ocrx_word' id='word_1_73' title='bbox 841 1279 1019 1340; x_wconf 88' lang='lat' dir='ltr'>auctoritate</span> <span class='ocrx_word' id='word_1_74' title='bbox 1036 1279 1203 1358; x_wconf 85' lang='lat' dir='ltr'>apostolica</span> <span class='ocrx_word' id='word_1_75' title='bbox 1215 1281 1384 1345; x_wconf 82' lang='lat' dir='ltr'>confirme-</span> 
     </span>
    </p>
   </div>
   <div class='ocr_carea' id='block_1_3' title="bbox 219 1376 1382 4607">
    <p class='ocr_par' dir='ltr' id='par_1_4' title="bbox 230 1376 1382 2629">
     <span class='ocr_line' id='line_1_10' title="bbox 234 1376 1382 1465; baseline 0.001 -21"><span class='ocrx_word' id='word_1_76' title='bbox 234 1401 315 1443; x_wconf 90' lang='lat' dir='ltr'>mus.</span> <span class='ocrx_word' id='word_1_77' title='bbox 325 1380 574 1461; x_wconf 73' lang='lat' dir='ltr'>deceptissimum</span> <span class='ocrx_word' id='word_1_78' title='bbox 581 1376 703 1458; x_wconf 91' lang='lat' dir='ltr'>quidem</span> <span class='ocrx_word' id='word_1_79' title='bbox 711 1383 756 1439; x_wconf 88' lang='lat' dir='ltr'>est</span> <span class='ocrx_word' id='word_1_80' title='bbox 765 1376 1010 1465; x_wconf 86' lang='lat' dir='ltr'>Nobisquidquid</span> <span class='ocrx_word' id='word_1_81' title='bbox 1018 1377 1056 1440; x_wconf 93' lang='lat' dir='ltr'>ab</span> <span class='ocrx_word' id='word_1_82' title='bbox 1064 1378 1159 1456; x_wconf 92' lang='lat' dir='ltr'>illius,</span> <span class='ocrx_word' id='word_1_83' title='bbox 1169 1399 1262 1461; x_wconf 89' lang='lat' dir='ltr'>quem</span> <span class='ocrx_word' id='word_1_84' title='bbox 1270 1382 1382 1446; x_wconf 83' lang='lat' dir='ltr'>eximie</span> 
     </span>
     <span class='ocr_line' id='line_1_11' title="bbox 234 1476 1379 1561; baseline 0.003 -21"><span class='ocrx_word' id='word_1_85' title='bbox 234 1479 401 1558; x_wconf 80' lang='lat' dir='ltr'>diligimus,</span> <span class='ocrx_word' id='word_1_86' title='bbox 420 1476 567 1558; x_wconf 89' lang='lat' dir='ltr'>sapientia</span> <span class='ocrx_word' id='word_1_87' title='bbox 585 1476 733 1556; x_wconf 87' lang='lat' dir='ltr'>proficisci</span> <span class='ocrx_word' id='word_1_88' title='bbox 756 1494 890 1555; x_wconf 89' lang='lat' dir='ltr'>unquam</span> <span class='ocrx_word' id='word_1_89' title='bbox 910 1483 1025 1557; x_wconf 71' lang='lat' dir='ltr'>potest,</span> <span class='ocrx_word' id='word_1_90' title='bbox 1052 1495 1123 1540; x_wconf 94' lang='lat' dir='ltr'>cum</span> <span class='ocrx_word' id='word_1_91' title='bbox 1142 1497 1213 1541; x_wconf 87' lang='lat' dir='ltr'>vero</span> <span class='ocrx_word' id='word_1_92' title='bbox 1230 1480 1379 1561; x_wconf 89' lang='lat' dir='ltr'>idipsum,</span> 
     </span>
     <span class='ocr_line' id='line_1_12' title="bbox 236 1574 1378 1659; baseline 0.002 -19"><span class='ocrx_word' id='word_1_93' title='bbox 236 1584 270 1640; x_wconf 88' lang='lat' dir='ltr'>ut</span> <span class='ocrx_word' id='word_1_94' title='bbox 284 1596 362 1658; x_wconf 81' lang='lat' dir='ltr'>saepe</span> <span class='ocrx_word' id='word_1_95' title='bbox 376 1578 425 1653; x_wconf 86' lang='lat' dir='ltr'>lit,</span> <span class='ocrx_word' id='word_1_96' title='bbox 440 1576 575 1655; x_wconf 87' lang='lat' dir='ltr'>ejusdem</span> <span class='ocrx_word' id='word_1_97' title='bbox 586 1574 775 1654; x_wconf 81' lang='lat' dir='ltr'>religionem,</span> <span class='ocrx_word' id='word_1_98' title='bbox 788 1581 877 1653; x_wconf 84' lang='lat' dir='ltr'>atquc</span> <span class='ocrx_word' id='word_1_99' title='bbox 887 1574 918 1635; x_wconf 94' lang='lat' dir='ltr'>in</span> <span class='ocrx_word' id='word_1_100' title='bbox 933 1576 994 1637; x_wconf 91' lang='lat' dir='ltr'>Nos</span> <span class='ocrx_word' id='word_1_101' title='bbox 1007 1574 1153 1655; x_wconf 86' lang='lat' dir='ltr'>pietatem</span> <span class='ocrx_word' id='word_1_102' title='bbox 1171 1595 1236 1659; x_wconf 83' lang='lat' dir='ltr'>prae</span> <span class='ocrx_word' id='word_1_103' title='bbox 1248 1598 1281 1640; x_wconf 91' lang='lat' dir='ltr'>se</span> <span class='ocrx_word' id='word_1_104' title='bbox 1300 1579 1378 1657; x_wconf 84' lang='lat' dir='ltr'>fert,</span> 
     </span>
     <span class='ocr_line' id='line_1_13' title="bbox 236 1670 1380 1739; baseline 0.002 -2"><span class='ocrx_word' id='word_1_105' title='bbox 236 1683 301 1737; x_wconf 88' lang='lat' dir='ltr'>tum</span> <span class='ocrx_word' id='word_1_106' title='bbox 323 1693 394 1737; x_wconf 79' lang='lat' dir='ltr'>uero</span> <span class='ocrx_word' id='word_1_107' title='bbox 414 1672 541 1735; x_wconf 85' lang='lat' dir='ltr'>mirifica</span> <span class='ocrx_word' id='word_1_108' title='bbox 560 1671 591 1733; x_wconf 92' lang='lat' dir='ltr'>in</span> <span class='ocrx_word' id='word_1_109' title='bbox 605 1670 690 1733; x_wconf 88' lang='lat' dir='ltr'>illum</span> <span class='ocrx_word' id='word_1_110' title='bbox 704 1670 916 1734; x_wconf 74' lang='lat' dir='ltr'>benevolentia</span> <span class='ocrx_word' id='word_1_111' title='bbox 930 1671 1100 1733; x_wconf 68' lang='lat' dir='ltr'>escesdune</span> <span class='ocrx_word' id='word_1_112' title='bbox 1111 1672 1310 1737; x_wconf 79' lang='lat' dir='ltr'>incendimur.</span> <span class='ocrx_word' id='word_1_113' title='bbox 1333 1681 1380 1739; x_wconf 81' lang='lat' dir='ltr'>Ac</span> 
     </span>
     <span class='ocr_line' id='line_1_14' title="bbox 234 1769 1379 1855; baseline 0.001 -19"><span class='ocrx_word' id='word_1_114' title='bbox 234 1779 393 1855; x_wconf 86' lang='lat' dir='ltr'>propterea</span> <span class='ocrx_word' id='word_1_115' title='bbox 404 1771 576 1850; x_wconf 81' lang='lat' dir='ltr'>hujusmodi</span> <span class='ocrx_word' id='word_1_116' title='bbox 595 1771 755 1851; x_wconf 81' lang='lat' dir='ltr'>praeclaros</span> <span class='ocrx_word' id='word_1_117' title='bbox 771 1769 859 1849; x_wconf 82' lang='lat' dir='ltr'>ragiae</span> <span class='ocrx_word' id='word_1_118' title='bbox 879 1769 997 1830; x_wconf 85' lang='lat' dir='ltr'>virtutis</span> <span class='ocrx_word' id='word_1_119' title='bbox 1017 1788 1121 1831; x_wconf 87' lang='lat' dir='ltr'>sensus</span> <span class='ocrx_word' id='word_1_120' title='bbox 1135 1790 1155 1833; x_wconf 92' lang='lat' dir='ltr'>a</span> <span class='ocrx_word' id='word_1_121' title='bbox 1168 1772 1379 1837; x_wconf 88' lang='lat' dir='ltr'>Nubisintime</span> 
     </span>
     <span class='ocr_line' id='line_1_15' title="bbox 232 1867 1377 1951; baseline 0.003 -20"><span class='ocrx_word' id='word_1_122' title='bbox 232 1877 389 1951; x_wconf 90' lang='lat' dir='ltr'>perceptos</span> <span class='ocrx_word' id='word_1_123' title='bbox 399 1869 553 1931; x_wconf 89' lang='lat' dir='ltr'>vobiscum</span> <span class='ocrx_word' id='word_1_124' title='bbox 568 1868 842 1944; x_wconf 77' lang='lat' dir='ltr'>communicamus,</span> <span class='ocrx_word' id='word_1_125' title='bbox 856 1867 1048 1929; x_wconf 82' lang='lat' dir='ltr'>venerabiles</span> <span class='ocrx_word' id='word_1_126' title='bbox 1062 1869 1202 1948; x_wconf 89' lang='lat' dir='ltr'>Fratres,</span> <span class='ocrx_word' id='word_1_127' title='bbox 1212 1889 1287 1951; x_wconf 89' lang='lat' dir='ltr'>quos</span> <span class='ocrx_word' id='word_1_128' title='bbox 1297 1872 1377 1951; x_wconf 73' lang='lat' dir='ltr'>ejus</span> 
     </span>
     <span class='ocr_line' id='line_1_16' title="bbox 231 1965 1378 2045; baseline 0.003 -16"><span class='ocrx_word' id='word_1_129' title='bbox 231 1967 303 2029; x_wconf 90' lang='lat' dir='ltr'>dem</span> <span class='ocrx_word' id='word_1_130' title='bbox 324 1966 496 2030; x_wconf 86' lang='lat' dir='ltr'>recentibus</span> <span class='ocrx_word' id='word_1_131' title='bbox 515 1984 585 2045; x_wconf 80' lang='lat' dir='ltr'>erga</span> <span class='ocrx_word' id='word_1_132' title='bbox 607 1968 668 2028; x_wconf 90' lang='lat' dir='ltr'>Nos</span> <span class='ocrx_word' id='word_1_133' title='bbox 687 1965 816 2042; x_wconf 90' lang='lat' dir='ltr'>meritis,</span> <span class='ocrx_word' id='word_1_134' title='bbox 840 1972 929 2045; x_wconf 88' lang='lat' dir='ltr'>atque</span> <span class='ocrx_word' id='word_1_135' title='bbox 950 1965 1098 2027; x_wconf 82' lang='lat' dir='ltr'>constanti</span> <span class='ocrx_word' id='word_1_136' title='bbox 1119 1983 1191 2045; x_wconf 79' lang='lat' dir='ltr'>erga</span> <span class='ocrx_word' id='word_1_137' title='bbox 1210 1968 1378 2032; x_wconf 85' lang='lat' dir='ltr'>Ecclesiam</span> 
     </span>
     <span class='ocr_line' id='line_1_17' title="bbox 232 2060 1376 2147; baseline 0 -19"><span class='ocrx_word' id='word_1_138' title='bbox 232 2066 334 2128; x_wconf 90' lang='lat' dir='ltr'>animo</span> <span class='ocrx_word' id='word_1_139' title='bbox 349 2065 472 2147; x_wconf 92' lang='lat' dir='ltr'>perinde</span> <span class='ocrx_word' id='word_1_140' title='bbox 488 2084 523 2126; x_wconf 88' lang='lat' dir='ltr'>ac</span> <span class='ocrx_word' id='word_1_141' title='bbox 540 2067 601 2126; x_wconf 90' lang='lat' dir='ltr'>Nos</span> <span class='ocrx_word' id='word_1_142' title='bbox 616 2064 697 2144; x_wconf 91' lang='lat' dir='ltr'>ipsos</span> <span class='ocrx_word' id='word_1_143' title='bbox 706 2062 838 2142; x_wconf 86' lang='lat' dir='ltr'>gaudere</span> <span class='ocrx_word' id='word_1_144' title='bbox 855 2080 915 2123; x_wconf 93' lang='lat' dir='ltr'>non</span> <span class='ocrx_word' id='word_1_145' title='bbox 930 2060 1114 2124; x_wconf 86' lang='lat' dir='ltr'>dubitamus.</span> <span class='ocrx_word' id='word_1_146' title='bbox 1134 2065 1248 2125; x_wconf 85' lang='lat' dir='ltr'>Verum</span> <span class='ocrx_word' id='word_1_147' title='bbox 1262 2072 1295 2126; x_wconf 90' lang='lat' dir='ltr'>ut</span> <span class='ocrx_word' id='word_1_148' title='bbox 1314 2084 1376 2128; x_wconf 90' lang='lat' dir='ltr'>uon</span> 
     </span>
     <span class='ocr_line' id='line_1_18' title="bbox 232 2155 1377 2239; baseline 0 -16"><span class='ocrx_word' id='word_1_149' title='bbox 232 2163 336 2239; x_wconf 86' lang='lat' dir='ltr'>inane,</span> <span class='ocrx_word' id='word_1_150' title='bbox 356 2181 391 2224; x_wconf 90' lang='lat' dir='ltr'>ac</span> <span class='ocrx_word' id='word_1_151' title='bbox 406 2161 623 2224; x_wconf 86' lang='lat' dir='ltr'>infructuosum</span> <span class='ocrx_word' id='word_1_152' title='bbox 638 2161 677 2221; x_wconf 91' lang='lat' dir='ltr'>sit</span> <span class='ocrx_word' id='word_1_153' title='bbox 690 2176 850 2221; x_wconf 89' lang='lat' dir='ltr'>commune</span> <span class='ocrx_word' id='word_1_154' title='bbox 862 2155 1008 2237; x_wconf 80' lang='lat' dir='ltr'>gaudium</span> <span class='ocrx_word' id='word_1_155' title='bbox 1027 2158 1087 2219; x_wconf 91' lang='lat' dir='ltr'>hoc</span> <span class='ocrx_word' id='word_1_156' title='bbox 1100 2164 1257 2235; x_wconf 87' lang='lat' dir='ltr'>nostrum,</span> <span class='ocrx_word' id='word_1_157' title='bbox 1272 2162 1377 2223; x_wconf 90' lang='lat' dir='ltr'>conari</span> 
     </span>
     <span class='ocr_line' id='line_1_19' title="bbox 231 2252 1376 2338; baseline -0.001 -17"><span class='ocrx_word' id='word_1_158' title='bbox 231 2259 394 2337; x_wconf 89' lang='lat' dir='ltr'>debemus,</span> <span class='ocrx_word' id='word_1_159' title='bbox 406 2267 441 2321; x_wconf 93' lang='lat' dir='ltr'>ut</span> <span class='ocrx_word' id='word_1_160' title='bbox 461 2259 534 2320; x_wconf 93' lang='lat' dir='ltr'>illud</span> <span class='ocrx_word' id='word_1_161' title='bbox 548 2257 586 2319; x_wconf 91' lang='lat' dir='ltr'>ad</span> <span class='ocrx_word' id='word_1_162' title='bbox 600 2257 693 2338; x_wconf 91' lang='lat' dir='ltr'>ipsius</span> <span class='ocrx_word' id='word_1_163' title='bbox 712 2254 814 2334; x_wconf 78' lang='lat' dir='ltr'>gloriae</span> <span class='ocrx_word' id='word_1_164' title='bbox 835 2272 872 2315; x_wconf 84' lang='lat' dir='ltr'>aa</span> <span class='ocrx_word' id='word_1_165' title='bbox 893 2252 1041 2315; x_wconf 82' lang='lat' dir='ltr'>felicitatis</span> <span class='ocrx_word' id='word_1_166' title='bbox 1056 2254 1277 2318; x_wconf 89' lang='lat' dir='ltr'>incrementum</span> <span class='ocrx_word' id='word_1_167' title='bbox 1296 2257 1376 2321; x_wconf 80' lang='lat' dir='ltr'>rese-</span> 
     </span>
     <span class='ocr_line' id='line_1_20' title="bbox 230 2350 1375 2437; baseline -0.001 -19"><span class='ocrx_word' id='word_1_168' title='bbox 230 2375 343 2418; x_wconf 84' lang='lat' dir='ltr'>ramus.</span> <span class='ocrx_word' id='word_1_169' title='bbox 359 2357 445 2431; x_wconf 81' lang='lat' dir='ltr'>Quod</span> <span class='ocrx_word' id='word_1_170' title='bbox 455 2356 598 2437; x_wconf 70' lang='lat' dir='ltr'>praeclare</span> <span class='ocrx_word' id='word_1_171' title='bbox 611 2353 731 2415; x_wconf 89' lang='lat' dir='ltr'>aNobis</span> <span class='ocrx_word' id='word_1_172' title='bbox 745 2351 810 2413; x_wconf 87' lang='lat' dir='ltr'>fieri</span> <span class='ocrx_word' id='word_1_173' title='bbox 823 2350 948 2431; x_wconf 82' lang='lat' dir='ltr'>poterit,</span> <span class='ocrx_word' id='word_1_174' title='bbox 964 2351 988 2410; x_wconf 91' lang='lat' dir='ltr'>si</span> <span class='ocrx_word' id='word_1_175' title='bbox 1003 2369 1021 2410; x_wconf 91' lang='lat' dir='ltr'>a</span> <span class='ocrx_word' id='word_1_176' title='bbox 1035 2350 1096 2411; x_wconf 91' lang='lat' dir='ltr'>Deo</span> <span class='ocrx_word' id='word_1_177' title='bbox 1108 2351 1229 2431; x_wconf 89' lang='lat' dir='ltr'>Optimo</span> <span class='ocrx_word' id='word_1_178' title='bbox 1243 2354 1375 2417; x_wconf 84' lang='lat' dir='ltr'>Maximo</span> 
     </span>
     <span class='ocr_line' id='line_1_21' title="bbox 230 2449 1374 2534; baseline 0.003 -20"><span class='ocrx_word' id='word_1_179' title='bbox 230 2452 368 2531; x_wconf 74' lang='lat' dir='ltr'>praesidia</span> <span class='ocrx_word' id='word_1_180' title='bbox 389 2461 479 2534; x_wconf 86' lang='lat' dir='ltr'>atque</span> <span class='ocrx_word' id='word_1_181' title='bbox 501 2459 679 2514; x_wconf 86' lang='lat' dir='ltr'>ornamenta</span> <span class='ocrx_word' id='word_1_182' title='bbox 700 2449 802 2512; x_wconf 89' lang='lat' dir='ltr'>omnia</span> <span class='ocrx_word' id='word_1_183' title='bbox 815 2449 886 2529; x_wconf 91' lang='lat' dir='ltr'>ipsi,</span> <span class='ocrx_word' id='word_1_184' title='bbox 906 2450 1028 2530; x_wconf 83' lang='lat' dir='ltr'>ejusque</span> <span class='ocrx_word' id='word_1_185' title='bbox 1042 2449 1155 2511; x_wconf 89' lang='lat' dir='ltr'>Liberis</span> <span class='ocrx_word' id='word_1_186' title='bbox 1175 2469 1211 2512; x_wconf 90' lang='lat' dir='ltr'>ac</span> <span class='ocrx_word' id='word_1_187' title='bbox 1232 2453 1374 2517; x_wconf 81' lang='lat' dir='ltr'>unirersae</span> 
     </span>
     <span class='ocr_line' id='line_1_22' title="bbox 231 2546 1119 2629; baseline -0.002 -17"><span class='ocrx_word' id='word_1_188' title='bbox 231 2551 331 2629; x_wconf 73' lang='lat' dir='ltr'>Regia</span> <span class='ocrx_word' id='word_1_189' title='bbox 344 2550 451 2611; x_wconf 86' lang='lat' dir='ltr'>Domui</span> <span class='ocrx_word' id='word_1_190' title='bbox 465 2567 526 2612; x_wconf 90' lang='lat' dir='ltr'>non</span> <span class='ocrx_word' id='word_1_191' title='bbox 542 2548 718 2609; x_wconf 87' lang='lat' dir='ltr'>intermissis</span> <span class='ocrx_word' id='word_1_192' title='bbox 728 2547 867 2628; x_wconf 85' lang='lat' dir='ltr'>precibus</span> <span class='ocrx_word' id='word_1_193' title='bbox 882 2546 1119 2628; x_wconf 86' lang='lat' dir='ltr'>implorabimus.</span> 
     </span>
    </p>

    <p class='ocr_par' dir='ltr' id='par_1_5' title="bbox 219 2644 1375 4607">
     <span class='ocr_line' id='line_1_23' title="bbox 268 2644 1375 2733; baseline 0.004 -24"><span class='ocrx_word' id='word_1_194' title='bbox 268 2647 423 2710; x_wconf 88' lang='lat' dir='ltr'>Habemus</span> <span class='ocrx_word' id='word_1_195' title='bbox 445 2651 606 2726; x_wconf 87' lang='lat' dir='ltr'>propterca</span> <span class='ocrx_word' id='word_1_196' title='bbox 616 2690 625 2721; x_wconf 92' lang='lat'>,</span> <span class='ocrx_word' id='word_1_197' title='bbox 647 2644 839 2706; x_wconf 81' lang='lat' dir='ltr'>venerabiles</span> <span class='ocrx_word' id='word_1_198' title='bbox 861 2645 994 2722; x_wconf 84' lang='lat' dir='ltr'>Fratres,</span> <span class='ocrx_word' id='word_1_199' title='bbox 1010 2644 1136 2707; x_wconf 88' lang='lat' dir='ltr'>alteram</span> <span class='ocrx_word' id='word_1_200' title='bbox 1154 2647 1242 2726; x_wconf 87' lang='lat' dir='ltr'>cujus</span> <span class='ocrx_word' id='word_1_201' title='bbox 1258 2648 1288 2710; x_wconf 94' lang='lat' dir='ltr'>in</span> <span class='ocrx_word' id='word_1_202' title='bbox 1301 2670 1375 2733; x_wconf 90' lang='lat' dir='ltr'>par-</span> 
     </span>
     <span class='ocr_line' id='line_1_24' title="bbox 228 2742 1374 2822; baseline 0.003 -13"><span class='ocrx_word' id='word_1_203' title='bbox 228 2754 290 2809; x_wconf 89' lang='lat' dir='ltr'>tem</span> <span class='ocrx_word' id='word_1_204' title='bbox 304 2765 359 2808; x_wconf 90' lang='lat' dir='ltr'>vos</span> <span class='ocrx_word' id='word_1_205' title='bbox 369 2745 568 2821; x_wconf 90' lang='lat' dir='ltr'>advocamus,</span> <span class='ocrx_word' id='word_1_206' title='bbox 582 2744 736 2806; x_wconf 68' lang='lat' dir='ltr'>immensas</span> <span class='ocrx_word' id='word_1_207' title='bbox 745 2742 941 2822; x_wconf 82' lang='lat' dir='ltr'>jucunditatis</span> <span class='ocrx_word' id='word_1_208' title='bbox 955 2763 1077 2807; x_wconf 89' lang='lat' dir='ltr'>causam</span> <span class='ocrx_word' id='word_1_209' title='bbox 1090 2764 1126 2807; x_wconf 84' lang='lat' dir='ltr'>ex</span> <span class='ocrx_word' id='word_1_210' title='bbox 1138 2745 1322 2812; x_wconf 78' lang='lat' dir='ltr'>faustissime</span> <span class='ocrx_word' id='word_1_211' title='bbox 1336 2750 1374 2813; x_wconf 87' lang='lat' dir='ltr'>ad</span> 
     </span>
     <span class='ocr_line' id='line_1_25' title="bbox 227 2840 1373 2925; baseline 0.004 -20"><span class='ocrx_word' id='word_1_212' title='bbox 227 2846 289 2907; x_wconf 87' lang='lat' dir='ltr'>Nos</span> <span class='ocrx_word' id='word_1_213' title='bbox 301 2862 398 2925; x_wconf 90' lang='lat' dir='ltr'>nuper</span> <span class='ocrx_word' id='word_1_214' title='bbox 412 2845 451 2905; x_wconf 94' lang='lat' dir='ltr'>ab</span> <span class='ocrx_word' id='word_1_215' title='bbox 462 2843 598 2917; x_wconf 89' lang='lat' dir='ltr'>Oriente,</span> <span class='ocrx_word' id='word_1_216' title='bbox 622 2849 711 2923; x_wconf 86' lang='lat' dir='ltr'>atquc</span> <span class='ocrx_word' id='word_1_217' title='bbox 730 2860 749 2902; x_wconf 89' lang='lat' dir='ltr'>a</span> <span class='ocrx_word' id='word_1_218' title='bbox 768 2840 910 2903; x_wconf 82' lang='lat' dir='ltr'>Ghaldais</span> <span class='ocrx_word' id='word_1_219' title='bbox 925 2841 1015 2903; x_wconf 88' lang='lat' dir='ltr'>allato</span> <span class='ocrx_word' id='word_1_220' title='bbox 1029 2842 1159 2922; x_wconf 90' lang='lat' dir='ltr'>nuncio,</span> <span class='ocrx_word' id='word_1_221' title='bbox 1175 2844 1321 2909; x_wconf 92' lang='lat' dir='ltr'>nimirum</span> <span class='ocrx_word' id='word_1_222' title='bbox 1335 2847 1373 2909; x_wconf 86' lang='lat' dir='ltr'>ab</span> 
     </span>
     <span class='ocr_line' id='line_1_26' title="bbox 227 2938 1374 3024; baseline 0.005 -21"><span class='ocrx_word' id='word_1_223' title='bbox 227 2959 332 3003; x_wconf 91' lang='lat' dir='ltr'>eorum</span> <span class='ocrx_word' id='word_1_224' title='bbox 353 2941 528 3003; x_wconf 87' lang='lat' dir='ltr'>Patriarcha</span> <span class='ocrx_word' id='word_1_225' title='bbox 548 2940 687 3001; x_wconf 88' lang='lat' dir='ltr'>Simeonc</span> <span class='ocrx_word' id='word_1_226' title='bbox 701 2938 808 3001; x_wconf 80' lang='lat' dir='ltr'>divinae</span> <span class='ocrx_word' id='word_1_227' title='bbox 827 2938 931 3018; x_wconf 83' lang='lat' dir='ltr'>gratiae</span> <span class='ocrx_word' id='word_1_228' title='bbox 949 2940 1061 3002; x_wconf 88' lang='lat' dir='ltr'>lumine</span> <span class='ocrx_word' id='word_1_229' title='bbox 1081 2940 1229 3004; x_wconf 87' lang='lat' dir='ltr'>illustrato</span> <span class='ocrx_word' id='word_1_230' title='bbox 1243 2944 1310 3024; x_wconf 85' lang='lat' dir='ltr'>jam</span> <span class='ocrx_word' id='word_1_231' title='bbox 1321 2946 1374 3009; x_wconf 90' lang='lat' dir='ltr'>diu</span> 
     </span>
     <span class='ocr_line' id='line_1_27' title="bbox 227 3036 1373 3124; baseline 0.006 -25"><span class='ocrx_word' id='word_1_232' title='bbox 227 3047 366 3120; x_wconf 90' lang='lat' dir='ltr'>receptos</span> <span class='ocrx_word' id='word_1_233' title='bbox 389 3038 418 3100; x_wconf 93' lang='lat' dir='ltr'>in</span> <span class='ocrx_word' id='word_1_234' title='bbox 445 3038 497 3100; x_wconf 93' lang='lat' dir='ltr'>illa</span> <span class='ocrx_word' id='word_1_235' title='bbox 517 3045 606 3118; x_wconf 81' lang='lat' dir='ltr'>gente</span> <span class='ocrx_word' id='word_1_236' title='bbox 627 3036 711 3120; x_wconf 91' lang='lat' dir='ltr'>impii</span> <span class='ocrx_word' id='word_1_237' title='bbox 730 3036 858 3098; x_wconf 87' lang='lat' dir='ltr'>Nestorii</span> <span class='ocrx_word' id='word_1_238' title='bbox 882 3055 997 3100; x_wconf 82' lang='lat' dir='ltr'>errores</span> <span class='ocrx_word' id='word_1_239' title='bbox 1018 3037 1107 3101; x_wconf 84' lang='lat' dir='ltr'>luisse</span> <span class='ocrx_word' id='word_1_240' title='bbox 1128 3040 1256 3118; x_wconf 85' lang='lat' dir='ltr'>rejectos</span> <span class='ocrx_word' id='word_1_241' title='bbox 1283 3049 1373 3124; x_wconf 84' lang='lat' dir='ltr'>atque</span> 
     </span>
     <span class='ocr_line' id='line_1_28' title="bbox 225 3134 1371 3221; baseline 0.001 -21"><span class='ocrx_word' id='word_1_242' title='bbox 225 3137 348 3200; x_wconf 91' lang='lat' dir='ltr'>omnino</span> <span class='ocrx_word' id='word_1_243' title='bbox 358 3137 543 3218; x_wconf 89' lang='lat' dir='ltr'>repudiatos.</span> <span class='ocrx_word' id='word_1_244' title='bbox 555 3137 638 3199; x_wconf 92' lang='lat' dir='ltr'>Idem</span> <span class='ocrx_word' id='word_1_245' title='bbox 648 3136 711 3218; x_wconf 89' lang='lat' dir='ltr'>ipse</span> <span class='ocrx_word' id='word_1_246' title='bbox 721 3135 826 3216; x_wconf 88' lang='lat' dir='ltr'>plenas</span> <span class='ocrx_word' id='word_1_247' title='bbox 836 3134 1033 3198; x_wconf 77' lang='lat' dir='ltr'>observantias</span> <span class='ocrx_word' id='word_1_248' title='bbox 1045 3142 1135 3217; x_wconf 83' lang='lat' dir='ltr'>atque</span> <span class='ocrx_word' id='word_1_249' title='bbox 1144 3137 1278 3221; x_wconf 86' lang='lat' dir='ltr'>obsequii</span> <span class='ocrx_word' id='word_1_250' title='bbox 1289 3138 1371 3201; x_wconf 91' lang='lat' dir='ltr'>dedit</span> 
     </span>
     <span class='ocr_line' id='line_1_29' title="bbox 226 3230 1368 3314; baseline 0.003 -20"><span class='ocrx_word' id='word_1_251' title='bbox 226 3232 265 3294; x_wconf 83' lang='lat' dir='ltr'>ad</span> <span class='ocrx_word' id='word_1_252' title='bbox 274 3235 335 3295; x_wconf 90' lang='lat' dir='ltr'>Nos</span> <span class='ocrx_word' id='word_1_253' title='bbox 344 3230 460 3295; x_wconf 83' lang='lat' dir='ltr'>litteras</span> <span class='ocrx_word' id='word_1_254' title='bbox 474 3234 505 3295; x_wconf 92' lang='lat' dir='ltr'>in</span> <span class='ocrx_word' id='word_1_255' title='bbox 518 3233 628 3314; x_wconf 88' lang='lat' dir='ltr'>quibus</span> <span class='ocrx_word' id='word_1_256' title='bbox 636 3232 802 3295; x_wconf 89' lang='lat' dir='ltr'>luculenter</span> <span class='ocrx_word' id='word_1_257' title='bbox 811 3251 898 3294; x_wconf 88' lang='lat' dir='ltr'>suam</span> <span class='ocrx_word' id='word_1_258' title='bbox 906 3232 998 3293; x_wconf 92' lang='lat' dir='ltr'>Nobis</span> <span class='ocrx_word' id='word_1_259' title='bbox 1010 3234 1119 3314; x_wconf 91' lang='lat' dir='ltr'>probat</span> <span class='ocrx_word' id='word_1_260' title='bbox 1129 3233 1168 3296; x_wconf 91' lang='lat' dir='ltr'>de</span> <span class='ocrx_word' id='word_1_261' title='bbox 1178 3234 1368 3299; x_wconf 74' lang='lat' dir='ltr'>sanctissima</span> 
     </span>
     <span class='ocr_line' id='line_1_30' title="bbox 224 3329 1367 3410; baseline 0.003 -19"><span class='ocrx_word' id='word_1_262' title='bbox 224 3329 370 3391; x_wconf 85' lang='lat' dir='ltr'>Trinitate</span> <span class='ocrx_word' id='word_1_263' title='bbox 383 3329 491 3406; x_wconf 86' lang='lat' dir='ltr'>fidem,</span> <span class='ocrx_word' id='word_1_264' title='bbox 506 3329 639 3391; x_wconf 89' lang='lat' dir='ltr'>divinam</span> <span class='ocrx_word' id='word_1_265' title='bbox 650 3329 681 3390; x_wconf 91' lang='lat' dir='ltr'>iu</span> <span class='ocrx_word' id='word_1_266' title='bbox 695 3329 811 3391; x_wconf 88' lang='lat' dir='ltr'>Christo</span> <span class='ocrx_word' id='word_1_267' title='bbox 826 3335 916 3410; x_wconf 88' lang='lat' dir='ltr'>atque</span> <span class='ocrx_word' id='word_1_268' title='bbox 928 3330 1095 3393; x_wconf 89' lang='lat' dir='ltr'>humanam</span> <span class='ocrx_word' id='word_1_269' title='bbox 1106 3339 1245 3395; x_wconf 87' lang='lat' dir='ltr'>naturam</span> <span class='ocrx_word' id='word_1_270' title='bbox 1257 3331 1287 3394; x_wconf 93' lang='lat' dir='ltr'>in</span> <span class='ocrx_word' id='word_1_271' title='bbox 1300 3334 1367 3395; x_wconf 90' lang='lat' dir='ltr'>uni·</span> 
     </span>
     <span class='ocr_line' id='line_1_31' title="bbox 223 3428 1368 3508; baseline 0.005 -19"><span class='ocrx_word' id='word_1_272' title='bbox 223 3436 285 3489; x_wconf 86' lang='lat' dir='ltr'>tata</span> <span class='ocrx_word' id='word_1_273' title='bbox 299 3430 437 3490; x_wconf 87' lang='lat' dir='ltr'>Personae</span> <span class='ocrx_word' id='word_1_274' title='bbox 448 3430 624 3507; x_wconf 84' lang='lat' dir='ltr'>conjunctas</span> <span class='ocrx_word' id='word_1_275' title='bbox 638 3428 807 3508; x_wconf 87' lang='lat' dir='ltr'>profitetur,</span> <span class='ocrx_word' id='word_1_276' title='bbox 821 3429 949 3490; x_wconf 82' lang='lat' dir='ltr'>Mariam</span> <span class='ocrx_word' id='word_1_277' title='bbox 960 3430 1068 3493; x_wconf 84' lang='lat' dir='ltr'>Christi</span> <span class='ocrx_word' id='word_1_278' title='bbox 1078 3432 1207 3495; x_wconf 87' lang='lat' dir='ltr'>Matrem</span> <span class='ocrx_word' id='word_1_279' title='bbox 1216 3431 1266 3495; x_wconf 85' lang='lat' dir='ltr'>liei</span> <span class='ocrx_word' id='word_1_280' title='bbox 1278 3432 1368 3495; x_wconf 87' lang='lat' dir='ltr'>Geni-</span> 
     </span>
     <span class='ocr_line' id='line_1_32' title="bbox 224 3525 1367 3618; baseline 0.005 -32"><span class='ocrx_word' id='word_1_281' title='bbox 224 3526 330 3588; x_wconf 90' lang='lat' dir='ltr'>tricem</span> <span class='ocrx_word' id='word_1_282' title='bbox 345 3526 476 3607; x_wconf 90' lang='lat' dir='ltr'>appellat</span> <span class='ocrx_word' id='word_1_283' title='bbox 488 3532 519 3587; x_wconf 87' lang='lat' dir='ltr'>et</span> <span class='ocrx_word' id='word_1_284' title='bbox 530 3525 611 3586; x_wconf 91' lang='lat' dir='ltr'>colit.</span> <span class='ocrx_word' id='word_1_285' title='bbox 622 3527 682 3586; x_wconf 90' lang='lat' dir='ltr'>Nos</span> <span class='ocrx_word' id='word_1_286' title='bbox 698 3544 790 3606; x_wconf 89' lang='lat' dir='ltr'>porro</span> <span class='ocrx_word' id='word_1_287' title='bbox 801 3526 886 3588; x_wconf 88' lang='lat' dir='ltr'>Beati</span> <span class='ocrx_word' id='word_1_288' title='bbox 897 3528 976 3588; x_wconf 90' lang='lat' dir='ltr'>Petri</span> <span class='ocrx_word' id='word_1_289' title='bbox 987 3546 1193 3618; x_wconf 85' lang='lat' dir='ltr'>successorem</span> <span class='ocrx_word' id='word_1_290' title='bbox 1201 3576 1210 3608; x_wconf 90' lang='lat'>,</span> <span class='ocrx_word' id='word_1_291' title='bbox 1220 3535 1249 3591; x_wconf 89' lang='lat' dir='ltr'>et</span> <span class='ocrx_word' id='word_1_292' title='bbox 1258 3528 1367 3592; x_wconf 81' lang='lat' dir='ltr'>Christi</span> 
     </span>
     <span class='ocr_line' id='line_1_33' title="bbox 224 3622 1369 3709; baseline 0.008 -27"><span class='ocrx_word' id='word_1_293' title='bbox 224 3623 394 3701; x_wconf 92' lang='lat' dir='ltr'>Vicarium,</span> <span class='ocrx_word' id='word_1_294' title='bbox 411 3625 637 3702; x_wconf 85' lang='lat' dir='ltr'>Romanamque</span> <span class='ocrx_word' id='word_1_295' title='bbox 648 3622 727 3683; x_wconf 90' lang='lat' dir='ltr'>hanc</span> <span class='ocrx_word' id='word_1_296' title='bbox 741 3623 848 3684; x_wconf 86' lang='lat' dir='ltr'>Sedem</span> <span class='ocrx_word' id='word_1_297' title='bbox 861 3626 1062 3688; x_wconf 86' lang='lat' dir='ltr'>Ecclesiarum</span> <span class='ocrx_word' id='word_1_298' title='bbox 1072 3629 1248 3690; x_wconf 82' lang='lat' dir='ltr'>Matremne</span> <span class='ocrx_word' id='word_1_299' title='bbox 1262 3630 1369 3709; x_wconf 81' lang='lat' dir='ltr'>Magis·</span> 
     </span>
     <span class='ocr_line' id='line_1_34' title="bbox 222 3721 1368 3804; baseline 0.008 -24"><span class='ocrx_word' id='word_1_300' title='bbox 222 3728 299 3780; x_wconf 88' lang='lat' dir='ltr'>tram</span> <span class='ocrx_word' id='word_1_301' title='bbox 312 3722 463 3799; x_wconf 76' lang='lat' dir='ltr'>agnoscit,</span> <span class='ocrx_word' id='word_1_302' title='bbox 478 3721 507 3781; x_wconf 93' lang='lat' dir='ltr'>in</span> <span class='ocrx_word' id='word_1_303' title='bbox 519 3721 699 3800; x_wconf 78' lang='lat' dir='ltr'>Apostolicre</span> <span class='ocrx_word' id='word_1_304' title='bbox 708 3722 819 3799; x_wconf 79' lang='lat' dir='ltr'>Petrae,</span> <span class='ocrx_word' id='word_1_305' title='bbox 836 3742 854 3782; x_wconf 91' lang='lat' dir='ltr'>a</span> <span class='ocrx_word' id='word_1_306' title='bbox 867 3742 927 3804; x_wconf 90' lang='lat' dir='ltr'>qua</span> <span class='ocrx_word' id='word_1_307' title='bbox 938 3723 1035 3785; x_wconf 83' lang='lat' dir='ltr'>lucrat</span> <span class='ocrx_word' id='word_1_308' title='bbox 1050 3726 1215 3803; x_wconf 89' lang='lat' dir='ltr'>abscissus,</span> <span class='ocrx_word' id='word_1_309' title='bbox 1226 3727 1368 3789; x_wconf 88' lang='lat' dir='ltr'>firmitate</span> 
     </span>
     <span class='ocr_line' id='line_1_35' title="bbox 221 3816 1369 3905; baseline 0.01 -29"><span class='ocrx_word' id='word_1_310' title='bbox 221 3816 347 3877; x_wconf 90' lang='lat' dir='ltr'>stabiliri</span> <span class='ocrx_word' id='word_1_311' title='bbox 364 3819 495 3898; x_wconf 89' lang='lat' dir='ltr'>postulat</span> <span class='ocrx_word' id='word_1_312' title='bbox 503 3864 511 3894; x_wconf 91' lang='lat'>,</span> <span class='ocrx_word' id='word_1_313' title='bbox 523 3818 607 3898; x_wconf 89' lang='lat' dir='ltr'>pacis</span> <span class='ocrx_word' id='word_1_314' title='bbox 615 3826 646 3879; x_wconf 90' lang='lat' dir='ltr'>et</span> <span class='ocrx_word' id='word_1_315' title='bbox 659 3817 793 3880; x_wconf 88' lang='lat' dir='ltr'>caritatis</span> <span class='ocrx_word' id='word_1_316' title='bbox 802 3825 945 3882; x_wconf 84' lang='lat' dir='ltr'>tesseram</span> <span class='ocrx_word' id='word_1_317' title='bbox 960 3841 978 3883; x_wconf 87' lang='lat' dir='ltr'>a</span> <span class='ocrx_word' id='word_1_318' title='bbox 990 3823 1082 3884; x_wconf 92' lang='lat' dir='ltr'>Nobis</span> <span class='ocrx_word' id='word_1_319' title='bbox 1096 3825 1219 3905; x_wconf 86' lang='lat' dir='ltr'>expetit.</span> <span class='ocrx_word' id='word_1_320' title='bbox 1242 3828 1369 3888; x_wconf 86' lang='lat' dir='ltr'>Decreta</span> 
     </span>
     <span class='ocr_line' id='line_1_36' title="bbox 221 3915 1368 4000; baseline 0.006 -23"><span class='ocrx_word' id='word_1_321' title='bbox 221 3922 345 3991; x_wconf 90' lang='lat' dir='ltr'>nostra,</span> <span class='ocrx_word' id='word_1_322' title='bbox 359 3915 513 3994; x_wconf 78' lang='lat' dir='ltr'>legesque,</span> <span class='ocrx_word' id='word_1_323' title='bbox 527 3935 603 3994; x_wconf 89' lang='lat' dir='ltr'>quas</span> <span class='ocrx_word' id='word_1_324' title='bbox 614 3916 713 3978; x_wconf 89' lang='lat' dir='ltr'>daturi</span> <span class='ocrx_word' id='word_1_325' title='bbox 736 3935 858 3993; x_wconf 87' lang='lat' dir='ltr'>sumus,</span> <span class='ocrx_word' id='word_1_326' title='bbox 878 3925 1027 3998; x_wconf 83' lang='lat' dir='ltr'>expectat.</span> <span class='ocrx_word' id='word_1_327' title='bbox 1042 3919 1228 3984; x_wconf 89' lang='lat' dir='ltr'>Incredibilis</span> <span class='ocrx_word' id='word_1_328' title='bbox 1246 3921 1368 4000; x_wconf 81' lang='lat' dir='ltr'>laetitiae,</span> 
     </span>
     <span class='ocr_line' id='line_1_37' title="bbox 220 4013 1369 4098; baseline 0.008 -26"><span class='ocrx_word' id='word_1_329' title='bbox 220 4031 313 4091; x_wconf 88' lang='lat' dir='ltr'>quam</span> <span class='ocrx_word' id='word_1_330' title='bbox 333 4018 493 4093; x_wconf 88' lang='lat' dir='ltr'>propterea</span> <span class='ocrx_word' id='word_1_331' title='bbox 514 4013 712 4092; x_wconf 82' lang='lat' dir='ltr'>percipimus,</span> <span class='ocrx_word' id='word_1_332' title='bbox 729 4013 905 4092; x_wconf 81' lang='lat' dir='ltr'>magnitudo</span> <span class='ocrx_word' id='word_1_333' title='bbox 923 4015 1032 4077; x_wconf 89' lang='lat' dir='ltr'>mirum</span> <span class='ocrx_word' id='word_1_334' title='bbox 1053 4016 1081 4077; x_wconf 92' lang='lat' dir='ltr'>in</span> <span class='ocrx_word' id='word_1_335' title='bbox 1102 4017 1226 4079; x_wconf 90' lang='lat' dir='ltr'>modum</span> <span class='ocrx_word' id='word_1_336' title='bbox 1241 4026 1369 4098; x_wconf 77' lang='lat' dir='ltr'>augetur</span> 
     </span>
     <span class='ocr_line' id='line_1_38' title="bbox 221 4110 1368 4191; baseline 0.008 -23"><span class='ocrx_word' id='word_1_337' title='bbox 221 4111 269 4171; x_wconf 92' lang='lat' dir='ltr'>illa</span> <span class='ocrx_word' id='word_1_338' title='bbox 279 4110 380 4191; x_wconf 78' lang='lat' dir='ltr'>gaudii</span> <span class='ocrx_word' id='word_1_339' title='bbox 392 4110 542 4183; x_wconf 90' lang='lat' dir='ltr'>ubertate,</span> <span class='ocrx_word' id='word_1_340' title='bbox 555 4111 637 4189; x_wconf 89' lang='lat' dir='ltr'>quod</span> <span class='ocrx_word' id='word_1_341' title='bbox 647 4111 714 4172; x_wconf 91' lang='lat' dir='ltr'>inde</span> <span class='ocrx_word' id='word_1_342' title='bbox 725 4111 754 4173; x_wconf 93' lang='lat' dir='ltr'>in</span> <span class='ocrx_word' id='word_1_343' title='bbox 769 4112 937 4174; x_wconf 81' lang='lat' dir='ltr'>universum</span> <span class='ocrx_word' id='word_1_344' title='bbox 950 4114 1114 4176; x_wconf 88' lang='lat' dir='ltr'>Ecclesiam</span> <span class='ocrx_word' id='word_1_345' title='bbox 1128 4114 1368 4177; x_wconf 87' lang='lat' dir='ltr'>redundaturum</span> 
     </span>
     <span class='ocr_line' id='line_1_39' title="bbox 221 4206 1368 4288; baseline 0.009 -24"><span class='ocrx_word' id='word_1_346' title='bbox 221 4206 353 4269; x_wconf 82' lang='lat' dir='ltr'>videmus</span> <span class='ocrx_word' id='word_1_347' title='bbox 360 4233 368 4285; x_wconf 89' lang='lat'>;</span> <span class='ocrx_word' id='word_1_348' title='bbox 381 4226 448 4288; x_wconf 84' lang='lat' dir='ltr'>quae</span> <span class='ocrx_word' id='word_1_349' title='bbox 459 4213 572 4287; x_wconf 86' lang='lat' dir='ltr'>quanto</span> <span class='ocrx_word' id='word_1_350' title='bbox 583 4208 767 4269; x_wconf 88' lang='lat' dir='ltr'>acerbiorem</span> <span class='ocrx_word' id='word_1_351' title='bbox 777 4216 866 4270; x_wconf 89' lang='lat' dir='ltr'>antea</span> <span class='ocrx_word' id='word_1_352' title='bbox 877 4227 914 4269; x_wconf 85' lang='lat' dir='ltr'>ex</span> <span class='ocrx_word' id='word_1_353' title='bbox 923 4210 1092 4273; x_wconf 90' lang='lat' dir='ltr'>miserrimo</span> <span class='ocrx_word' id='word_1_354' title='bbox 1101 4211 1231 4274; x_wconf 86' lang='lat' dir='ltr'>filiorum</span> <span class='ocrx_word' id='word_1_355' title='bbox 1240 4209 1368 4274; x_wconf 89' lang='lat' dir='ltr'>dissidio</span> 
     </span>
     <span class='ocr_line' id='line_1_40' title="bbox 222 4302 1367 4392; baseline 0.008 -28"><span class='ocrx_word' id='word_1_356' title='bbox 222 4302 357 4364; x_wconf 89' lang='lat' dir='ltr'>dolorem</span> <span class='ocrx_word' id='word_1_357' title='bbox 370 4305 527 4376; x_wconf 88' lang='lat' dir='ltr'>hauserat,</span> <span class='ocrx_word' id='word_1_358' title='bbox 544 4312 628 4366; x_wconf 74' lang='lat' dir='ltr'>muto</span> <span class='ocrx_word' id='word_1_359' title='bbox 652 4306 829 4387; x_wconf 91' lang='lat' dir='ltr'>ampliorem</span> <span class='ocrx_word' id='word_1_360' title='bbox 849 4326 886 4368; x_wconf 83' lang='lat' dir='ltr'>ex</span> <span class='ocrx_word' id='word_1_361' title='bbox 909 4308 1085 4371; x_wconf 87' lang='lat' dir='ltr'>eorumdem</span> <span class='ocrx_word' id='word_1_362' title='bbox 1100 4309 1252 4392; x_wconf 87' lang='lat' dir='ltr'>inopinato</span> <span class='ocrx_word' id='word_1_363' title='bbox 1265 4311 1367 4373; x_wconf 89' lang='lat' dir='ltr'>reditu</span> 
     </span>
     <span class='ocr_line' id='line_1_41' title="bbox 220 4402 1367 4485; baseline 0.011 -25"><span class='ocrx_word' id='word_1_364' title='bbox 220 4419 301 4461; x_wconf 88' lang='lat' dir='ltr'>nune</span> <span class='ocrx_word' id='word_1_365' title='bbox 318 4402 409 4463; x_wconf 90' lang='lat' dir='ltr'>animi</span> <span class='ocrx_word' id='word_1_366' title='bbox 427 4405 646 4480; x_wconf 87' lang='lat' dir='ltr'>jucunditatem</span> <span class='ocrx_word' id='word_1_367' title='bbox 658 4405 767 4485; x_wconf 82' lang='lat' dir='ltr'>capiet.</span> <span class='ocrx_word' id='word_1_368' title='bbox 784 4408 929 4470; x_wconf 84' lang='lat' dir='ltr'>Nessana</span> <span class='ocrx_word' id='word_1_369' title='bbox 945 4409 975 4471; x_wconf 89' lang='lat' dir='ltr'>iu</span> <span class='ocrx_word' id='word_1_370' title='bbox 988 4409 1046 4470; x_wconf 91' lang='lat' dir='ltr'>hac</span> <span class='ocrx_word' id='word_1_371' title='bbox 1060 4409 1181 4472; x_wconf 91' lang='lat' dir='ltr'>illorum</span> <span class='ocrx_word' id='word_1_372' title='bbox 1194 4411 1367 4475; x_wconf 85' lang='lat' dir='ltr'>accessione</span> 
     </span>
     <span class='ocr_line' id='line_1_42' title="bbox 219 4498 1365 4607; baseline 0.013 -48"><span class='ocrx_word' id='word_1_373' title='bbox 219 4498 307 4561; x_wconf 87' lang='lat' dir='ltr'>nullis</span> <span class='ocrx_word' id='word_1_374' title='bbox 320 4505 450 4579; x_wconf 74' lang='lat' dir='ltr'>paternae</span> <span class='ocrx_word' id='word_1_375' title='bbox 462 4504 596 4582; x_wconf 86' lang='lat' dir='ltr'>pietatis,</span> <span class='ocrx_word' id='word_1_376' title='bbox 608 4504 715 4579; x_wconf 89' lang='lat' dir='ltr'>studii,</span> <span class='ocrx_word' id='word_1_377' title='bbox 728 4505 861 4567; x_wconf 87' lang='lat' dir='ltr'>caritatis</span> <span class='ocrx_word' id='word_1_378' title='bbox 873 4507 979 4570; x_wconf 83' lang='lat' dir='ltr'>officiis</span> <span class='ocrx_word' id='word_1_379' title='bbox 993 4508 1155 4571; x_wconf 85' lang='lat' dir='ltr'>deerimus.</span> <span class='ocrx_word' id='word_1_380' title='bbox 1170 4509 1365 4607; x_wconf 77' lang='lat' dir='ltr'>luterimlico</span> 
     </span>
    </p>
   </div>
   <div class='ocr_carea' id='block_1_4' title="bbox 0 0 1602 5354">
    <p class='ocr_par' dir='ltr' id='par_1_6' title="bbox 0 0 1602 5354">
     <span class='ocr_line' id='line_1_43' title="bbox 0 0 1602 5354; baseline 0 7"><span class='ocrx_word' id='word_1_381' title='bbox 0 0 1602 5354; x_wconf 95' lang='lat' dir='ltr'> </span> 
     </span>
    </p>
   </div>
  </div>
 </body>
</html>
