3194 5354
379 517 558 570 EPlSTOLAE
578 517 621 569 Ι·,Ἴ“
639 517 772 570 ltnnvtn
793 517 1026 572 stltrlcrtonn.
1225 525 1276 575 tos

612 677 785 746 CLXXXI.

582 825 714 867 bruncro
736 826 825 867 rruo

527 911 694 973 EUTIMIO
715 914 879 986 ZECEAR,

127 1032 236 1080 rbem
257 1029 414 1077 canuntur
438 1025 661 1074 MONACHORUM
682 1020 903 1072 ntsmlrrslutt
919 1017 1275 1068 cmo-mmmmm

432 1112 706 1165 CONGREGATIONIS
721 1112 747 1160 S.
763 1109 972 1169 SALVATORIS,

377 1199 658 1280 CLEMENS
698 1199 851 1277 ΡΑΡΑ
893 1193 1021 1273 XIV.

883 1347 978 1412 Rome,
994 1358 1003 1402 t
1019 1352 1131 1402 februarii
1146 1358 1213 1403 1772.

166 1444 299 1510 Dttecte,
319 1447 376 1501 etc.
396 1439 474 1500 Nihil
494 1440 607 1526 gratius
625 1441 718 1502 Nobis
739 1449 828 1521 atquc
851 1440 1003 1522 acceptius
1024 1447 1086 1518 cst,
1098 1441 1208 1504 dilecte
1223 1441 1275 1513 lili,

126 1557 217 1618 quam
231 1536 368 1599 omnium
378 1542 510 1597 vestrum
519 1535 557 1596 de
570 1543 805 1616 patemanostra
813 1538 939 1599 caritate
949 1537 1091 1600 fiduciam
1101 1557 1275 1620 agnoscere,

125 1653 256 1715 quorum
266 1640 296 1695 ct
310 1633 340 1695 in
355 1632 482 1694 colenda
495 1632 613 1695 Domini
630 1632 717 1695 vinea
730 1633 960 1695 sollicitudinem
968 1680 976 1712 ‚
997 1641 1087 1716 atque
1101 1635 1277 1699 iudustriam

126 1730 391 1810 commendamus,
406 1737 436 1792 et
448 1748 509 1792 non
523 1729 697 1812 ignoramus
707 1750 770 1810 eas,
780 1732 890 1814 quibus
907 1731 1106 1813 inpraesentia
1120 1733 1277 1797 condicta-

126 1829 213 1908 mini,
226 1828 434 1909 sublevarique
453 1827 565 1889 idcirco
586 1827 743 1908 flagitatis,
763 1828 923 1909 angustias.
941 1831 1003 1891 Nos
1017 1829 1151 1912 prolecto
1166 1838 1276 1914 presto

125 1922 209 1988 robis
235 1942 354 2005 semper
376 1943 441 1987 esse
462 1924 594 1986 maxime
615 1924 770 2006 cupimus,
790 1933 954 2008 vestreque
978 1927 1016 1990 dc
1036 1927 1147 2008 pietate
1168 1928 1200 1989 in
1223 1947 1277 1990 vos

123 2019 438 2103 nostraexpectationi
450 2020 1274 2106 nonimparevosadjuvandicupiditaterespondemus.

124 2121 203 2179 Eum
226 2118 307 2179 enim
329 2117 359 2179 in
380 2116 714 2182 modumlibentissime
733 2127 765 2182 et
783 2120 976 2183 benemeritis
991 2121 1224 2202 gratillaremur,
1246 2128 1277 2183 et

123 2234 230 2277 corum
246 2215 363 2277 animos
384 2215 423 2277 ad
439 2216 610 2297 preclarius
624 2217 716 2279 etiam
730 2218 768 2279 de
780 2218 928 2281 catholica
943 2218 1084 2300 religione
1098 2217 1276 2280 merendum

123 2312 275 2375 beneficiis
292 2312 402 2375 nostris
419 2312 623 2376 incitaremus.
641 2315 727 2376 Hanc
745 2313 908 2376 universim
925 2315 962 2377 de
982 2313 1068 2377 vobis
1085 2333 1151 2376 esse
1168 2316 1277 2377 volun-

122 2416 216 2472 tatem
227 2416 363 2472 nostram
375 2408 429 2472 tibi
443 2409 563 2491 tuisque
576 2411 770 2472 vehementer
780 2429 959 2493 persuasum
973 2430 1038 2474 esse
1050 2412 1190 2474 volumus
1198 2436 1207 2490 3
1222 2430 1277 2475 ce-

124 2513 189 2566 tera
204 2524 276 2567 vero
285 2551 294 2584 ‚
309 2523 375 2587 qua
391 2504 451 2566 huc
467 2504 658 2587 peculiariter
676 2512 832 2587 spectant,
854 2514 958 2570 nostro
972 2508 1095 2570 nomine
1118 2509 1156 2570 ad
1173 2515 1203 2570 te
1222 2526 1278 2590 per

122 2600 263 2664 dilectum
283 2602 379 2664 filium
392 2603 579 2683 Stephanum
599 2603 739 2685 Borgiam
755 2612 864 2668 nostrie
884 2607 1124 2688 congregationis
1144 2608 1182 2671 de
1200 2611 1272 2672 Pro
1379 2671 1381 2676 Α

123 2698 259 2778 puganda
273 2698 332 2760 lide
351 2699 545 2760 secretarium
560 2708 701 2762 accurate
714 2703 954 2782 prescribentur.
969 2707 1014 2767 Ac
1028 2704 1058 2767 in
1073 2711 1203 2785 paterne
1216 2706 1274 2769 be-

121 2793 293 2856 nevolentia
307 2800 415 2856 nostra
433 2795 541 2875 pignus
556 2797 754 2876 apostolicam
768 2798 1007 2862 benedictionem
1017 2800 1083 2878 tibi,
1094 2801 1206 2882 ¹dilecte
1218 2801 1272 2879 llll,

120 2891 240 2972 tuisque
263 2891 419 2952 monachis
432 2899 625 2971 peramanter
646 2893 846 2974 impertimur.
869 2898 984 2957 Datum
1002 2899 1114 2968 Romo,
1134 2907 1205 2968 etc„
1224 2900 1277 2959 dte

118 2994 222 3066 primu
232 2987 894 3067 februarii1772,ponttficatusnostrtcnno
911 2998 1011 3052 tertio.

500 3289 504 3295 ,
607 3198 795 3269 ccxxxn.

459 3346 592 3389 ururcro
616 3347 703 3389 muro
724 3345 833 3389 roslar
856 3347 934 3388 vmo
1122 3363 1125 3366 -

164 3454 170 3461 ·
262 3435 413 3494 ClllOLO
435 3435 613 3496 ALBERTO
634 3435 805 3496 PRINCIPI
825 3434 876 3495 AB
896 3434 1136 3496 nondumne

433 3538 669 3618 CLEMENS
698 3542 827 3619 ΡΑΡΑ
854 3539 961 3617 XIV.

829 3681 924 3739 Rome,
935 3678 974 3728 die
988 3677 1125 3728 stebruurii
1141 3682 1209 3729 tm.

161 3771 293 3841 Dilectc,
308 3776 365 3830 etc.
379 3769 459 3844 Quas
476 3766 635 3830 nobiscum
646 3764 841 3848 egistifilialis
851 3765 942 3828 officii
955 3765 1000 3828 tui
1011 3771 1111 3848 partes
1121 3767 1151 3829 in
1165 3785 1273 3831 recen-

122 3865 203 3927 tibus
215 3865 275 3927 tuis
290 3882 362 3927 cum
372 3864 481 3928 dilecta
493 3863 555 3926 filia
563 3864 656 3927 nobili
665 3863 790 3926 muliere
804 3862 1169 3946 Principissalosephade
1178 3866 1272 3929 Salm-

122 3963 204 4026 Salm
215 3980 326 4045 sponsa
337 3969 390 4026 tua
403 3961 526 4045 nuptiis,
541 3960 663 4023 easdem
680 3960 773 4023 Nobis
788 3958 916 4022 dilectus
935 3958 1014 4021 nlius
1029 3958 1132 4022 Abbas
1146 3960 1183 4022 de
1194 3963 1271 4023 Gen·

122 4061 238 4139 tilibus,
250 4059 325 4125 dum
337 4066 405 4125 tuas
417 4060 532 4123 litteras
548 4057 706 4137 redderet,
722 4055 842 4120 abunde
853 4055 1027 4118 cumulavit.
1046 4055 1080 4117 ld
1097 4056 1189 4117 Nobis
1200 4074 1271 4136 per-

120 4165 241 4240 gratum
257 4157 324 4236 luit,
337 4157 450 4240 tibique
462 4157 576 4220 idcirco
590 4175 711 4219 summo
730 4155 830 4218 studio
840 4156 1040 4237 gratulamur,
1052 4161 1169 4233 tueque
1178 4153 1270 4215 nobili

120 4254 250 4332 familiae,
263 4270 356 4336 quam
368 4246 497 4334 plurima
509 4253 612 4316 sobole
623 4252 729 4316 llorere
738 4253 889 4335 cupimus,
901 4268 991 4313 omne
1005 4248 1122 4310 decoris
1135 4265 1170 4309 ac
1178 4247 1273 4310 lelici-

122 4349 192 4411 tatis
208 4339 428 4412 incrementum
442 4368 460 4412 a
474 4352 536 4412 Deo
550 4366 723 4432 precamur.
744 4351 810 4423 Quo
828 4346 860 4408 id
876 4345 1021 4407 iaciamus
1042 4360 1135 4423 quam
1153 4344 1271 4424 prolixo

122 4446 334 4527 luculentoque
346 4447 447 4509 animo
457 4447 598 4530 prelatus
609 4446 736 4509 dilectus
753 4447 832 4508 filius
849 4444 1015 4522 diligenter,
1030 4449 1064 4502 ut
1078 4443 1169 4521 solet,
1182 4444 1220 4505 ad
1239 4452 1271 4503 te

121 4544 299 4632 pepscribet‚
313 4538 427 4627 tibique
439 4565 457 4608 a
470 4552 595 4627 paterna
609 4551 712 4607 nostra
724 4544 847 4605 caritate
864 4541 999 4620 pmlecta
1013 4540 1094 4603 dete
1109 4550 1179 4604 vota
1192 4559 1270 4603 con-
