3194 5354
224 557 273 611 tat
656 547 861 603 clientellus
879 546 947 601 XIV

223 656 463 719 benedictionem
472 656 567 732 vobis,
581 655 632 717 flii
645 653 743 716 dilecti
760 653 880 715 Nobiles
888 654 953 729 riri,
971 658 1165 732 peramanter
1173 649 1382 730 impertimur.

223 771 338 829 Datum
359 767 482 835 Rome,
499 771 569 835 etc„
588 765 636 824 dte
649 767 750 842 primo
772 761 935 822 decembris
958 770 1056 834 1770,
1074 760 1272 836 poutetcotus
1287 762 1382 817 nostri

221 884 301 927 anno
315 864 453 926 seeundo.

705 956 886 969 ..ιιι-

739 1041 853 1110 cxxi.

679 1189 814 1232 nrnacro
837 1187 920 1230 rimo

525 1285 650 1344 BEDAE
677 1285 839 1345 nannai
868 1284 899 1343 S.
931 1282 1064 1342 GALLI

537 1397 771 1477 CLEMENS
789 1400 915 1475 PAPA
932 1395 1038 1471 XIV.

937 1543 1308 1606 remuneraturum.
1428 1558 1432 1567 ·

263 1641 401 1708 Dilecta,
417 1645 475 1699 etc.
497 1639 563 1699 Non
577 1645 622 1698 est
637 1658 692 1698 cur
711 1637 804 1699 Nobis
820 1637 932 1716 gratias
947 1654 1018 1716 agas
1032 1634 1072 1696 ob
1093 1635 1239 1696 donatum
1253 1633 1306 1695 tibi
1320 1652 1369 1694 sa·

221 1754 306 1797 crum
319 1735 459 1814 martyris
473 1753 599 1814 corpus,
612 1752 681 1795 cum
692 1734 841 1815 precipue
850 1733 985 1795 obsecuti
997 1751 1034 1794 ea
1045 1751 1078 1793 re
1087 1734 1182 1793 simus
1193 1730 1292 1794 studio
1300 1749 1368 1811 erga

222 1838 251 1892 te
266 1838 386 1907 nostro,
400 1831 482 1911 quod
492 1831 626 1893 maxime
649 1831 869 1894 inflammatum
883 1838 944 1906 est,
957 1848 1028 1891 cum
1044 1847 1098 1911 per
1112 1829 1253 1892 dilectum
1272 1828 1368 1889 fllium

221 1929 410 1990 Advocatum
425 1928 613 1990 Dominicum
628 1929 817 2009 Calzamiglia
831 1929 911 1991 idem
931 1927 1043 1990 idcirco
1062 1947 1080 1989 a
1099 1926 1192 1990 Nobis
1204 1925 1368 1988 reomatis-

223 2026 297 2087 sime
311 2027 486 2107 postulasti,
502 2034 535 2088 ut
548 2028 606 2089 boc
623 2033 743 2090 assertae
757 2027 952 2089 sanctissimae
968 2027 1075 2089 Christi
1089 2026 1159 2089 fldci
1175 2033 1368 2088 monumento

223 2122 348 2184 istorum
366 2124 547 2204 populorum
566 2131 595 2185 et
611 2123 701 2185 tidem
719 2124 929 2202 confirmares,
949 2130 980 2187 et
998 2125 1134 2187 divinum
1147 2124 1281 2201 cultum,
1294 2125 1367 2187 reli-

220 2221 340 2298 gionem
354 2238 390 2281 ac
406 2220 547 2301 pietatem
562 2239 695 2300 augeres.
709 2221 794 2295 Quod
811 2228 841 2283 te
860 2240 916 2303 pro
931 2229 984 2284 tua
997 2222 1196 2284 sollicitudine
1207 2241 1243 2284 ac
1258 2222 1367 2287 sedni-

221 2323 282 2376 tate
298 2323 473 2378 curaturum
490 2335 560 2377 eum
583 2335 642 2378 non
661 2317 849 2395 dubitemus,
873 2335 935 2380 uon
957 2318 1056 2379 minus
1079 2319 1171 2380 Nobis
1185 2319 1258 2400 ipsis
1277 2338 1366 2401 quam

221 2414 274 2475 tibi
298 2416 355 2476 illae
374 2417 435 2476 Nos
460 2415 617 2494 largitione
638 2413 814 2477 satisfecisse
837 2415 1028 2477 arbitramur.
1053 2415 1177 2477 Accedit
1193 2415 1278 2496 quod
1297 2416 1367 2482 nibil

220 2511 334 2587 gratius
347 2512 439 2572 Nobis
461 2530 526 2572 esse
549 2517 665 2591 potest,
682 2529 773 2590 quam
795 2530 865 2573 cum
885 2518 1043 2593 paternam
1055 2519 1191 2574 nostram
1213 2511 1368 2574 caritatem

221 2626 282 2668 non
302 2608 445 2669 mediocri
456 2608 556 2687 aliquo
570 2607 680 2668 indicio
692 2625 796 2668 revera
807 2608 997 2670 declaramus
1012 2608 1048 2671 iis
1061 2609 1112 2689 qui
1127 2608 1251 2671 filialem
1261 2608 1301 2672 de
1312 2609 1368 2670 No

221 2704 268 2765 bis
292 2705 454 2785 plurimam
477 2703 670 2785 praeseferunt
689 2703 849 2780 fiduciam;
866 2725 936 2767 cum
950 2705 1052 2768 debita
1070 2724 1143 2786 erga
1163 2705 1366 2787 Apostolicem

220 2802 329 2864 Sedern
339 2804 528 2866 observantia
542 2809 573 2864 et
585 2802 643 2863 fide
657 2804 861 2882 conjunctam.
876 2804 961 2865 Unde
972 2803 1059 2866 lacile
1070 2821 1254 2884 cognoscere
1266 2811 1366 2885 potes,

218 2901 327 2982 dilecte
345 2901 386 2962 lili
397 2947 405 2978 ,
418 2919 510 2982 quam
524 2901 641 2983 prolixa
662 2901 717 2978 slt,
731 2908 761 2962 et
774 2902 928 2964 cumulata
945 2910 1049 2964 nostru
1066 2921 1138 2983 erga
1158 2910 1189 2964 te
1211 2903 1366 2980 voluntas,
1444 2953 1450 2973 .

219 3006 426 3080 quantumquo
445 2999 562 3081 placeat
574 2998 668 3060 Nobis
679 3005 712 3060 ut
721 3016 841 3060 sacrum
855 2998 930 3061 illud
943 3017 1054 3062 munus
1068 3005 1179 3062 nostrae
1192 2998 1285 3061 etiam
1299 3016 1368 3080 erga

220 3104 248 3156 te
269 3097 403 3158 caritatis
423 3097 624 3159 certissimum
644 3095 752 3177 pignus
773 3096 931 3159 habeatur.
952 3096 1131 3177 Huiusmodi
1154 3097 1325 3159 nostrosde
1339 3104 1368 3158 te

219 3211 324 3254 sensus
341 3194 476 3272 cognitos
501 3193 627 3254 lecimus
647 3191 745 3255 eidem
765 3192 875 3255 dilecto
897 3193 959 3255 tilio
981 3193 1195 3273 Galeamigliae,
1215 3192 1287 3274 qnid
1309 3212 1367 3274 pro

220 3296 377 3369 perspectu
393 3307 447 3349 sua
460 3289 490 3349 iu
503 3296 570 3349 tuas
584 3306 632 3349 res
643 3287 797 3369 diligentia
808 3289 931 3350 eosdem
945 3289 999 3351 tibi
1011 3309 1064 3371 per
1075 3289 1190 3354 litteras
1201 3289 1367 3353 luculenter

221 3382 423 3445 confirmabit.
448 3387 576 3445 Demum
603 3384 799 3464 apostolicam
816 3384 1058 3452 benedictionem
1086 3386 1159 3464 tibi,
1179 3384 1286 3448 dilecte
1303 3384 1366 3462 nti,

220 3484 314 3565 iisque
327 3483 378 3564 qui
393 3490 453 3545 true
466 3482 535 3548 fidei
554 3481 707 3544 commissi
728 3487 813 3559 sunt,
831 3489 1021 3562 peramanter
1036 3483 1367 3564 impertionem

220 3585 336 3652 nome,
359 3588 427 3657 etc,
449 3582 499 3642 die
524 3592 556 3645 1⁵
576 3580 740 3642 decembris
760 3591 855 3656 1770,
879 3584 1071 3659 pontificatus
1096 3587 1194 3644 mera
1219 3598 1300 3645 enno
1318 3598 1368 3643 ren

221 3684 327 3742 cundo.

727 3850 856 3920 CXXll.

670 3998 803 4040 nlnacro
826 3998 909 4041 stato

325 4095 465 4155 tonttltl
487 4094 684 4154 BAPUSTAE
705 4095 870 4156 MARTINI
891 4095 1049 4155 cunnus
1070 4095 1256 4157 nmontm

496 4210 762 4258 conrnuruanum
780 4212 890 4261 snucrr
914 4213 1087 4273 annuerem,

525 4307 758 4390 illinemus
787 4312 914 4389 ΡΑΡΑ
943 4311 1049 4390 XIV.

971 4465 1070 4521 nome,
1083 4470 1110 4512 12
1119 4462 1306 4525 immrittttt.

251 4545 387 4618 Dilecto,
403 4557 458 4608 etc.
484 4551 553 4613 Post
568 4551 700 4630 primum
718 4571 735 4610 a
756 4557 785 4610 te
802 4551 895 4610 Nobis
909 4550 1119 4612 transmissum
1142 4552 1273 4615 alterurn
1286 4568 1383 4615 unne-
