3194 5354
227 495 276 544 364
654 489 858 545 CLEMENTlS
874 491 941 545 xlv

225 592 460 674 problematique
472 611 548 672 pour
562 592 605 654 les
616 593 751 656 sieclesb
768 594 852 655 venir
870 596 900 656 la
912 594 1061 658 toletanae
1071 603 1137 659 taut
1150 600 1287 679 patenae
1303 604 1388 668 dans

224 708 259 751 ce
272 689 375 765 siecle,
392 688 542 750 tole'rance
557 689 649 769 qu'on
670 709 708 751 ue
721 690 818 752 craint
829 710 883 772 pas
900 691 938 754 de
951 692 1047 756 lculer
1058 696 1217 775 auxpiads
1231 697 1315 761 dans
1328 701 1387 764 des

224 805 299 868 pays
309 788 401 865 sujets
413 788 497 848 dune
509 787 697 849 domination
708 790 880 869 etr-angere,
897 809 935 852 au
949 793 1045 871 grand
1056 793 1199 857 scandale
1212 795 1269 859 des
1281 800 1389 880 philo-

224 883 349 963 sophas,
362 889 392 944 et
404 902 442 944 au
455 883 567 964 mepris
577 883 616 945 de
626 904 678 946 ces
693 886 749 948 lois
760 888 894 964 sacries,
908 889 960 969 qui
972 889 1138 953 renuissent
1147 894 1190 954 les
1199 895 1345 960 naticns.

722 1117 854 1187 CCClll.

489 1255 634 1315 NUNCIO
655 1256 889 1317 APOSTOLICO
910 1259 1101 1320 POLONIAE.

1006 1385 1104 1443 Romu,
1120 1384 1222 1445 ttjuuii
1240 1391 1312 1435 rm.

262 1477 448 1536 Peritlnstris
463 1484 491 1537 et
505 1476 758 1537 Reverendisrime
780 1478 905 1538 Domine
919 1483 966 1540 eti
987 1480 1104 1539 Frater.
1129 1481 1258 1544 Summo
1283 1484 1387 1548 animi

223 1590 350 1635 moerore
367 1574 577 1635 sanctissimus
587 1577 623 1636 D.
641 1577 677 1636 N.
691 1575 830 1655 cognovit
849 1594 886 1637 ex
900 1576 992 1638 literis
1006 1578 1219 1658 Amplitudinis
1238 1587 1320 1662 tuae,
1340 1588 1384 1647 ad

226 1669 450 1751 iulrascriptum
470 1673 505 1732 l).
533 1672 736 1734 Secretarium
751 1674 869 1754 scriptis
883 1673 932 1735 die
952 1686 988 1736 tc
1011 1676 1151 1755 preteriti
1171 1679 1285 1741 mensis
1301 1685 1383 1761 maji

223 1765 399 1828 illiberalem
413 1766 518 1846 agendi
536 1767 704 1845 rationem,
719 1787 785 1849 qua
800 1769 866 1831 istic
880 1779 1014 1832 servatur
1027 1772 1108 1834 circa
1121 1792 1170 1835 res
1183 1782 1214 1836 et
1224 1795 1383 1856 personas

221 1881 396 1944 suppressas
407 1862 556 1925 societatis
567 1865 656 1941 lesu,
669 1870 699 1926 et
710 1865 842 1926 maxime
854 1867 893 1927 ab
904 1866 1051 1947 episcopis
1062 1868 1114 1948 qui
1132 1876 1249 1950 partem
1259 1872 1383 1937 habent

221 1959 252 2020 iu
269 1960 350 2039 regio
368 1960 550 2037 ministerio,
564 1965 595 2020 et
610 1959 651 2040 pii
674 1961 807 2022 muneris
821 1961 1014 2024 immemores
1035 1963 1138 2043 potius
1162 1963 1263 2027 lavent
1280 1986 1381 2047 quam

220 2055 359 2119 resistant
371 2055 654 2119 abominationibus.
676 2057 761 2119 Dolet
781 2057 929 2119 Sanctitas
951 2060 1013 2120 Sua
1024 2104 1033 2135 ,
1055 2078 1127 2120 vasa
1145 2079 1231 2122 sacra
1251 2061 1381 2144 indigne

218 2151 378 2233 profanata
391 2153 495 2230 luisse,
510 2159 544 2214 ut
552 2161 701 2214 memorat
714 2153 887 2233 Amplitudo
899 2159 970 2228 tua;
987 2154 1087 2232 dolet,
1098 2156 1178 2218 bona
1198 2160 1261 2219 Dec
1274 2159 1381 2223 dicata

126 2297 128 2300 Α
219 2248 367 2310 laicorum
384 2250 505 2313 arbitrio
519 2249 653 2330 dispersa
666 2248 776 2327 iuisse;
791 2250 887 2328 dolet,
903 2252 1001 2313 scelus
1013 2253 1166 2315 calumnia
1177 2255 1278 2335 obtegi
1291 2260 1380 2337 quod

222 2346 330 2408 similia
344 2355 515 2428 perpetrata
529 2346 638 2409 luerint
653 2347 683 2408 iu
701 2348 787 2410 urbe.
805 2349 921 2410 Laudat
935 2356 1036 2411 tamen
1050 2350 1242 2431 prudentiam
1257 2360 1289 2414 et
1308 2354 1380 2416 ior-

220 2443 380 2505 titudincm
390 2442 600 2523 Amplitudinis
620 2450 694 2521 tua,
705 2444 786 2525 quod
794 2445 915 2523 justitia
928 2452 1030 2525 partes
1041 2448 1182 2525 gravibus
1193 2448 1379 2530 disertisque

223 2541 388 2602 rationibus
404 2540 571 2602 substinere
584 2558 646 2601 non
661 2540 791 2618 destitit,
805 2541 947 2622 quodque
964 2543 1146 2605 calumniam
1159 2544 1230 2605 buic
1250 2546 1282 2604 S.
1301 2548 1376 2607 Sedi

221 2639 386 2720 impactam
397 2639 531 2700 refellere
545 2638 662 2718 sategit.
674 2639 869 2700 Verissimum
879 2639 1003 2718 quidem
1021 2648 1080 2717 est,
1094 2640 1174 2721 quod
1190 2641 1376 2720 Amplitudo

220 2745 274 2798 tua
293 2734 466 2816 respondit,
490 2752 551 2795 non
571 2733 645 2794 lucri
666 2732 717 2795 sed
731 2734 975 2796 custodiaecausa
995 2736 1077 2799 ads.
1093 2737 1225 2798 blontem
1245 2737 1378 2801 Pietatis

220 2833 364 2895 translata
383 2830 536 2892 hicfuisse
560 2828 754 2892 eeclesiarum
777 2837 915 2910 argenta,
935 2851 1001 2911 qum
1023 2832 1216 2895 nihilominus
1235 2833 1379 2900 ecclesiis

220 2931 417 2994 restituuntur
429 2929 458 2990 in
468 2926 695 2991 occurrentibus
705 2927 959 3009 solemnitatibus,
972 2938 1003 2992 et
1013 2931 1093 2993 bona
1104 2948 1267 3011 suppreme
1278 2933 1378 2994 socie·

220 3030 290 3092 tatis
301 3048 362 3091 non
371 3027 474 3091 erario
487 3024 658 3108 pontificio,
669 3024 721 3087 sed
732 3025 789 3106 piis
799 3024 902 3087 usibus
914 3025 953 3087 ad
963 3026 1125 3089 utilitatem
1134 3028 1377 3109 respectivorum

220 3127 358 3189 locorum
377 3125 527 3207 applicata
547 3122 596 3184 hic
613 3121 704 3184 fuisse
734 3122 779 3184 rel
798 3141 835 3183 er
856 3121 1000 3201 adjuncta
1020 3124 1182 3205 Encyclica
1204 3123 1243 3185 ad
1265 3144 1375 3190 omnes

220 3223 377 3304 episcopos
388 3220 548 3304 pontificia
566 3219 692 3281 Ditiouis
707 3217 880 3281 transmissa
894 3217 1057 3300 intelligere
1073 3221 1183 3304 poterit
1194 3221 1375 3302 Amplitudo

220 3322 288 3393 tua,
307 3324 337 3378 et
352 3318 416 3379 aliis
428 3323 535 3377 notum
549 3314 657 3376 iacere.

259 3416 337 3475 Dum
359 3434 430 3495 ergo
458 3412 690 3475 Eminentissimi
712 3415 815 3476 Patres
838 3415 1081 3495 congregationis
1112 3416 1261 3497 deputate
1280 3435 1374 3497 super

219 3508 346 3591 negotiis
359 3528 524 3594 suppressae
539 3509 689 3571 societatis
711 3510 873 3591 predicta,
890 3511 977 3588 jussu
991 3511 1164 3574 sanctitatis
1177 3513 1244 3574 Sua
1252 3511 1374 3575 debitas

220 3609 384 3689 rependant
405 3607 602 3690 Amplitudini
627 3614 684 3669 tua
715 3615 814 3687 grates
836 3626 892 3688 pro
914 3608 1069 3672 indefessis
1098 3609 1268 3686 laboribus,
1292 3628 1374 3690 quos

220 3706 347 3767 sustinet
368 3707 532 3783 inhaere,
547 3711 646 3785 etpro
663 3703 774 3766 eximia
794 3703 962 3784 diligentia,
985 3725 1047 3787 qua
1070 3707 1187 3787 singula
1199 3712 1373 3786 opportune

220 3809 322 3864 rrarrat
335 3804 395 3864 suis
406 3803 515 3879 literis3
526 3820 594 3864 eam
606 3801 691 3863 enixe
701 3808 818 3881 rogant,
834 3809 867 3863 ut
877 3802 948 3880 bei,
960 3810 991 3865 et
1001 3803 1140 3865 Ecclesia
1156 3821 1279 3866 causam
1292 3807 1374 3866 tueri

219 3917 282 3965 non
298 3906 410 3976 cesset,
425 3906 455 3961 et
466 3898 676 3960 misericordie
690 3904 790 3978 partes
804 3917 865 3960 non
878 3899 996 3961 deserat
1009 3919 1065 3981 pro
1082 3899 1243 3962 individuis
1256 3919 1296 3963 ue
1311 3903 1374 3982 pri,-

221 4004 327 4060 rentur
347 3996 453 4058 debitis
476 3995 632 4056 alimentis.
655 3996 692 4055 Et
712 3994 785 4055 dum
808 3995 870 4057 hac
893 3995 1068 4073 scribimus,
1091 3996 1288 4078 Amplitudini
1314 4004 1374 4059 tuac

222 4095 324 4157 omnia
338 4095 433 4157 lausta
447 4113 483 4156 ex
495 4092 587 4154 corde
602 4110 760 4173 precamur
773 4111 790 4154 a
802 4095 941 4157 Domino.

302 4190 513 4274 Amplitudinis
528 4191 598 4250 'lna

559 4299 561 4304 ·
657 4268 897 4331 studiosissimus
908 4271 951 4332 uti
966 4273 1070 4331 Frater

895 4375 927 4424 A.
942 4371 1135 4425 Clanarius
1146 4369 1314 4425 Consanus.

897 4459 928 4511 V.
945 4459 1165 4522 Macuuonrus,
1181 4460 1369 4513 Semtartes..

723 4543 846 4553 -ι--ι-
