3194 5354
225 494 278 545 stu
583 483 585 486 ’
654 486 857 542 caementis
875 486 941 541 XlV

224 595 375 658 ducimus.
399 595 428 655 Si
443 594 542 655 minus
563 595 592 654 in
608 592 687 672 regis
701 591 890 673 impetranda
905 591 1073 652 valetudine
1086 591 1292 672 profecimus,
1306 593 1378 673 plu-

225 694 337 753 rimum
353 708 457 773 preces
470 697 589 754 nostras
606 689 737 750 ualuisse
751 688 789 750 ad
807 689 886 749 illius
901 688 1009 750 animae
1021 689 1170 766 salutem,
1185 707 1221 749 ao
1232 695 1377 751 aternam

224 792 399 854 felicitatem
417 788 653 871 comparandam
667 786 858 849 confidimus.
882 787 915 846 ln
927 785 1007 847 banc
1022 785 1167 847 fiduciam
1177 786 1240 846 Nos
1253 785 1377 848 inducet

224 895 399 970 perspectus
424 887 502 949 illius
527 885 687 946 Catholicae
709 883 859 963 religionis
880 883 997 945 tuendae
1019 883 1124 959 ardor,
1156 883 1185 944 in
1208 883 1375 946 Ecclesiam

226 1005 261 1047 ac
276 989 417 1047 Sanctam
438 985 516 1045 banc
535 982 642 1044 Sedem
658 979 806 1052 studium,
830 980 860 1042 in
872 982 934 1042 Nos
953 979 1084 1060 denique
1100 979 1237 1059 egregius
1256 998 1378 1061 semper

227 1085 343 1146 animus
357 1130 365 1160 ,
381 1082 552 1144 recentibus
569 1081 617 1141 his
633 1080 811 1161 presertim,
831 1098 866 1141 ac
887 1079 1124 1161 preclarissimis
1146 1078 1264 1140 indiciis
1285 1080 1379 1141 Nobis

226 1180 357 1242 maxime
369 1180 574 1242 confirmatus.
584 1177 722 1258 ldipsum
732 1195 791 1238 non
806 1176 934 1238 obscure
952 1175 1380 1256 declaranteaquasupremo

225 1277 295 1338 uitae
311 1283 447 1356 tempore
469 1276 507 1336 ab
529 1275 580 1336 illo
594 1280 697 1354 gesta,
716 1291 752 1334 ac
773 1272 853 1334 dieta
878 1272 971 1335 fuisse
991 1273 1119 1350 scimus,
1142 1289 1212 1334 cum
1233 1274 1379 1336 Ecclesiae

225 1374 377 1454 mysteriis
391 1371 429 1434 ad
446 1371 620 1445 aternitatis
640 1370 697 1430 iter
717 1368 881 1430 ineundum
895 1369 1029 1430 munitus
1042 1386 1149 1449 pacem
1164 1387 1199 1430 ac
1217 1369 1340 1431 veniam
1361 1390 1380 1431 a

225 1472 288 1531 Deo
302 1474 469 1549 expeteret,
491 1485 545 1527 neo
567 1466 659 1526 vitam
676 1465 732 1526 sibi
746 1465 901 1545 prorogari
922 1465 978 1526 nisi
999 1464 1036 1525 ad
1056 1464 1226 1526 navandam
1240 1465 1378 1546 religioni

226 1583 362 1644 operam,
385 1569 475 1642 atque
485 1559 523 1621 ad
538 1561 665 1640 populos
679 1578 733 1620 suo
744 1560 835 1620 etiam
848 1561 987 1640 exemplo
1001 1560 1039 1621 ad
1051 1560 1193 1640 pietatem
1207 1561 1379 1627 incitandos

225 1666 410 1741 exposceret.
422 1655 724 1733 Quare,Venerabiles
733 1656 861 1730 Fratres,
870 1674 931 1735 quo
943 1656 1074 1734 majores
1084 1655 1191 1716 divina
1205 1675 1277 1737 erga
1292 1659 1379 1722 illum

225 1757 437 1821 misericordie
457 1752 686 1833 significationes
701 1750 864 1829 intuemur,
884 1771 920 1815 eo
944 1752 1089 1815 alacriore
1110 1752 1209 1816 studio
1225 1755 1263 1817 ad
1282 1757 1379 1837 ipsius

226 1855 333 1918 anime
356 1851 594 1915 incolumitatem
616 1869 634 1910 a
650 1852 714 1910 Deo
734 1849 956 1929 impetrandam
980 1849 1212 1912 contendamus.
1230 1852 1302 1913 llaec
1315 1872 1379 1915 una

225 1953 340 2032 reliqua
358 1957 420 2026 est,
438 1965 530 2028 quam
550 1964 606 2026 pro
627 1964 682 2006 sua
705 1945 736 2006 in
747 1946 808 2006 Nos
825 1945 939 2025 pietate
955 1945 1064 2007 referre
1086 1945 1141 2026 ipsi
1163 1966 1328 2027 possumus
1343 1971 1379 2012 ac

225 2050 372 2111 debemus
382 2093 390 2125 ,
405 2046 511 2126 gratia.
533 2046 597 2105 lloc
609 2042 650 2104 illi
661 2049 692 2104 et
703 2042 842 2123 privatim
853 2041 1001 2105 hactenus
1019 2049 1161 2123 praestare
1181 2062 1243 2107 non
1258 2055 1379 2127 prater·

224 2146 381 2221 misimus,
403 2150 433 2206 et
446 2142 566 2224 publice
582 2142 612 2203 in
627 2141 782 2222 pontificio
799 2140 908 2202 sacello
925 2140 1014 2219 Justis
1037 2139 1163 2201 solemni
1184 2141 1244 2203 ritu
1258 2146 1379 2225 persol-

224 2244 329 2307 vendis
342 2261 402 2304 una
422 2240 579 2303 vobiscum
595 2239 756 2321 praestituri
780 2257 901 2313 sumus,
926 2256 983 2301 nec
998 2239 1094 2300 ullum
1111 2238 1169 2299 erit
1186 2239 1255 2302 vita
1266 2251 1378 2306 nostras

214 2349 364 2422 tempus,
388 2358 451 2420 quo
473 2337 552 2398 illius
575 2354 725 2398 memores
755 2354 816 2397 non
836 2335 971 2416 quotidie
993 2336 1057 2399 baec
1088 2335 1222 2399 caritatis
1244 2341 1378 2404 subsidia

224 2438 409 2512 referamus,
431 2453 466 2496 ac
481 2434 607 2496 assiduis
628 2434 669 2494 illi
681 2434 821 2515 precibus
832 2433 914 2514 apud
926 2434 1060 2496 divinum
1074 2435 1213 2498 iudicem
1227 2437 1377 2518 suffrage-

224 2552 304 2595 mur.
328 2536 444 2594 lnterea
463 2531 645 2593 desiderium
659 2537 796 2592 nostrum
817 2529 962 2607 solemur,
975 2532 1171 2595 Venerabiles
1184 2536 1319 2610 Fratres,
1339 2556 1376 2598 ac

226 2633 277 2693 illa
290 2632 381 2693 etiam
395 2631 576 2710 cogitatione
586 2631 746 2707 leniamus,
756 2630 964 2692 transmissam
974 2648 1039 2692 csse
1049 2632 1207 2694 carissimo
1219 2634 1377 2698 inchristo

225 2729 289 2791 filio
301 2737 405 2790 nostro
422 2726 575 2789 Ludovioo
587 2727 743 2806 Augusto,
759 2733 792 2786 ut
803 2726 875 2787 aviti
889 2728 972 2806 regni
991 2746 1027 2789 ac
1040 2733 1212 2809 potestatis,
1222 2732 1264 2793 ita
1272 2733 1377 2811 moriae

224 2818 452 2905 ceterarumque
463 2823 599 2885 omnium
611 2822 868 2885 Christianissima
877 2826 991 2886 manus
999 2824 1146 2887 virtutum
1158 2828 1377 2909 amplissimam

224 2922 441 2985 hereditatem.
476 2920 604 2981 Elucere
622 2920 688 2998 jam
710 2919 740 2979 in
764 2918 814 2980 illo
844 2918 957 2981 scimus
982 2938 1134 2982 summum
1162 2922 1254 2986 divini
1276 2927 1378 2989 cultus

224 3019 376 3096 studium,
400 3018 583 3098 singularem
595 3016 753 3098 pietatem,
770 3014 990 3093 integritatem,
1008 3015 1038 3076 in
1052 3018 1113 3078 Nos
1123 3016 1216 3078 etiam
1227 3035 1375 3080 amorem.

224 3121 294 3183 llao
308 3105 501 3200 intelligimus
512 3133 549 3179 ex
562 3111 777 3179 amantissimis
796 3111 875 3176 illius
888 3110 929 3176 ad
939 3113 1001 3176 Nos
1014 3112 1140 3192 litteris,
1153 3113 1218 3178 bac
1227 3114 1377 3197 pradica-

225 3219 306 3279 tione
320 3218 456 3278 omnium
471 3234 506 3278 ac
524 3216 611 3276 fama
622 3212 796 3275 celebritate
808 3212 846 3273 ad
866 3214 927 3274 Nos
946 3211 1146 3293 perferuntur.
1162 3215 1223 3275 Nos
1244 3214 1376 3275 invicem

224 3315 395 3375 excellentis
410 3315 477 3391 ejus
495 3311 631 3385 virtutis,
647 3328 682 3370 ao
703 3309 855 3374 felicitatis
874 3308 1084 3372 studiosissimi
1105 3327 1223 3371 sumus.
1245 3312 1374 3371 Omnem

224 3409 448 3491 propensissimi
467 3406 558 3468 animi
583 3423 722 3483 sensum,
747 3424 810 3485 quo
830 3406 1080 3485 gloriosissimum
1104 3407 1170 3485 ejus
1189 3425 1279 3468 avum
1302 3424 1374 3486 pro

224 3505 445 3587 sequebamur,
469 3502 499 3563 in
520 3501 606 3562 illum
625 3502 864 3563 cumulatissime
890 3502 1088 3565 traducimus.
1110 3503 1217 3565 Omnia
1241 3508 1374 3582 paterna

223 3603 357 3665 caritatis
374 3600 492 3680 officia,
506 3617 628 3663 omnem
640 3598 679 3661 de
695 3599 792 3660 suain
803 3600 864 3661 Nos
875 3600 987 3680 pietate
1005 3598 1148 3662 fiduciam
1162 3600 1192 3660 in
1208 3598 1259 3659 illo
1271 3598 1372 3660 collo-

223 3720 340 3763 camus.
356 3704 454 3782 Atque
469 3703 526 3761 boc
537 3699 604 3760 loco
615 3697 653 3760 ad
668 3714 732 3757 rem
742 3696 883 3775 pertinet,
901 3703 934 3756 ut
943 3695 1028 3757 vobis
1044 3696 1254 3776 significemus,
1268 3696 1374 3757 Vene-

223 3799 349 3859 rabilem
362 3799 497 3859 Fratrem
503 3803 638 3857 nostrum
645 3792 839 3856 Franciscum
851 3793 1081 3858 loachimumS.
1090 3797 1125 3856 R.
1134 3795 1168 3854 F..
1179 3791 1374 3854 Cardinalem

222 3896 261 3957 de
276 3894 381 3958 Bemis
394 3895 571 3973 episcopum
593 3891 797 3953 Albanensem
820 3892 850 3952 in
869 3892 995 3973 pristino
1011 3892 1094 3974 apud
1104 3892 1164 3952 Nos
1184 3897 1277 3970 atque
1294 3888 1375 3951 banc

223 3999 367 4058 Sanctam
386 3992 495 4054 Sedem
517 3990 681 4052 ministerio
706 3990 917 4053 confirmatum
942 4009 1007 4052 esse
1030 3997 1229 4070 nostrumque
1249 3987 1287 4048 de
1308 3988 1375 4066 ejus

223 4090 375 4174 prestanti
394 4088 483 4152 laude
499 4087 648 4166 judicium
669 4089 813 4166 preclaro
831 4089 909 4167 regis
930 4089 1103 4151 testimonio
1125 4086 1372 4168 comprobatum.

221 4193 353 4254 Huncin
375 4191 500 4252 modum
519 4187 711 4248 uehementer
732 4187 916 4265 gaudemus,
937 4188 1020 4267 quod
1036 4194 1066 4248 et
1086 4188 1173 4249 uobis
1196 4193 1375 4269 pergratum

223 4290 288 4349 fore
301 4290 412 4350 scimus
422 4334 430 4366 ,
449 4289 477 4348 in
494 4286 545 4347 illo
558 4302 629 4346 cum
640 4283 786 4345 eximium
798 4285 885 4365 regia
899 4285 1061 4347 uoluntatis
1079 4285 1287 4366 interpretem,
1307 4293 1373 4346 tum

223 4385 316 4446 nostri
329 4404 400 4463 erga
410 4404 511 4466 regem
518 4383 721 4447 animitestem
727 4384 936 4463 gravissimum
945 4385 1006 4445 Nos
1017 4400 1081 4444 esse
1092 4382 1263 4444 habituros.
1278 4385 1373 4444 &um

221 4482 376 4564 Optimum
393 4485 556 4546 Maximum
577 4483 791 4556 obsecramus,
812 4489 843 4542 ut
859 4498 936 4560 quos
955 4480 985 4541 in
1001 4479 1048 4540 bis
1064 4478 1212 4558 regnandi
1233 4476 1374 4557 auspiciis
