3194 5354
118 650 126 702 l

237 532 288 581 398
664 530 868 586 OElilililll‘ls
887 532 952 587 xlv

236 632 1392 715 tanununoannolongiusadataprnsentiumuostrammlitlersrumm-

233 729 637 808 choandum,llomibus,et
658 734 796 813 l'nllegiia
815 735 952 813 ejusthm
970 736 1221 801 Soommfisomni
1241 749 1390 806 solorum

231 830 412 912 simplicium
427 831 547 892 vinoilo
561 831 650 893 soluti
673 832 775 911 egredi
796 833 920 895 omnino
939 833 1088 910 debeant,
1107 855 1177 898 eom
1191 838 1314 901 rivmdi
1333 862 1392 904 ra-
1488 837 1491 842 ’

231 927 345 989 tionem
354 927 635 1007 suscepturi,quam
643 928 829 1008 singulorum
838 930 1001 1008 romtioni,
1012 930 1141 1008 mribus,
1150 940 1182 994 et
1191 937 1392 1000 eonscientiae

230 1023 327 1103 magis
341 1030 443 1103 aptam
458 1023 488 1083 in
507 1025 636 1086 Domino
646 1024 866 1104 judicaverint,
880 1045 952 1090 oum
965 1035 998 1090 et
1009 1028 1097 1108 juxta
1116 1032 1275 1095 Soeietatis
1288 1037 1392 1116 privi-

230 1121 310 1200 legia
322 1118 432 1180 dimitti
447 1119 486 1181 ah
500 1139 538 1181 ea
551 1120 733 1202 hipoterant
751 1141 813 1184 oon
827 1123 937 1185 aliade
950 1143 1045 1187 eausa
1062 1134 1170 1207 preter
1186 1147 1273 1205 mm,
1287 1151 1389 1211 quam

228 1216 404 1297 Supoiores
415 1217 599 1298 prudentie,
613 1219 889 1282 etcircumstantiis
906 1222 1003 1302 magis
1015 1222 1203 1287 conformem
1219 1233 1387 1306 putarent,

228 1315 311 1377 nullo
327 1315 479 1397 premissa
496 1317 652 1394 citatione,
674 1319 769 1381 nullu
788 1319 933 1382 oouleetis
953 1322 1044 1397 actis,
1065 1323 1209 1403 nulloque
1220 1324 1388 1402 judiciario

227 1416 333 1477 ordine
348 1423 477 1478 servato

271 1526 320 1574 27.
338 1514 485 1575 Omnibus
503 1520 605 1575 autem
623 1514 719 1575 Sociis
732 1514 771 1575 ad
784 1533 887 1575 moros
900 1514 1025 1576 Ordines
1038 1519 1185 1596 promotis
1197 1518 1318 1580 ueniam
1337 1521 1385 1582 ia-

227 1609 340 1687 cimus,
356 1629 391 1672 ao
408 1617 607 1692 potestatem,
627 1610 749 1672 eosdem
763 1614 892 1688 Bomos,
908 1620 960 1673 aut
973 1613 1106 1693 collegia
1117 1614 1277 1676 Sodeuns
1292 1617 1385 1681 dele-

227 1707 311 1768 rendi
323 1754 331 1784 ,
343 1708 390 1768 sel
401 1715 435 1769 ut
447 1707 486 1768 ad
503 1709 636 1789 aliquem
648 1726 686 1768 ex
704 1708 893 1788 regularibus
910 1708 1072 1773 Ordinibus
1082 1729 1101 1772 a
1113 1710 1190 1774 Sede
1202 1712 1384 1791 apostolico

227 1805 402 1885 approbatis
414 1822 447 1866 se
468 1805 625 1867 conferant
633 1849 642 1881 ,
659 1804 710 1866 ubi
727 1805 913 1885 probationis
927 1811 1048 1886 tempus
1062 1826 1082 1867 a
1097 1807 1228 1870 Concilio
1245 1809 1384 1870 Triden-

225 1901 290 1966 lino
309 1901 517 1984 prescriptum
531 1902 685 1964 debebunt
704 1903 841 1984 explere,
856 1903 881 1964 si
895 1909 1035 1966 rotonum
1057 1904 1238 1985 simplicium
1255 1907 1382 1986 proles-

225 1998 340 2062 sionem
357 1999 388 2060 in
398 1999 548 2060 Societate
561 1998 731 2077 emiserint,
743 2000 768 2059 si
780 2017 853 2059 sero
868 1999 1049 2061 solemnium
1061 1998 1153 2063 etium
1165 2008 1307 2065 votorum
1323 2024 1383 2085 per

224 2115 277 2158 sex
287 2103 405 2160 tautmn
415 2098 547 2177 integros
555 2115 674 2158 meuses
685 2097 717 2158 in
730 2096 908 2178 probatione
920 2096 1060 2173 stabunt,
1070 2116 1161 2178 super
1173 2117 1235 2178 quo
1246 2099 1382 2181 benigne

224 2213 296 2256 eum
306 2197 351 2257 eis
361 2195 587 2276 dispensamus,
601 2196 649 2256 vel
661 2200 695 2256 ut
707 2195 738 2255 in
752 2194 861 2256 seurlo
872 2200 1015 2256 maneant
1024 2200 1182 2274 uniquam
1191 2197 1380 2277 Presbyteri,

224 2298 256 2353 et
269 2293 373 2354 Clerici
393 2293 557 2354 Smoularoe
575 2292 632 2353 sub
650 2290 841 2368 omnimoda,
854 2308 891 2352 ae
904 2289 989 2352 totali
1002 2289 1190 2367 obedientie,
1201 2299 1234 2353 et
1252 2293 1381 2371 subjee—

223 2387 555 2466 tionetirdinariorum,
566 2385 1056 2470 inquorumdioeoesidomicilium
1063 2386 1380 2467 ligaut3deoernentes

224 2486 359 2567 insuper,
375 2493 410 2548 ut
428 2487 492 2563 his,
505 2485 557 2566 qui
569 2485 629 2547 hae
647 2485 764 2546 ratione
775 2485 808 2546 in
826 2484 936 2546 mulo
953 2483 1120 2546 manebunt
1132 2501 1300 2563 oougruum
1315 2486 1379 2546 uli-

222 2585 321 2665 quod,
339 2585 436 2647 donee
455 2585 568 2666 provisi
588 2582 708 2645 aliunde
729 2601 791 2645 oon
804 2582 933 2659 luerint,
952 2581 1118 2661 assiguetm
1137 2581 1322 2662 aspendum
1335 2601 1377 2644 ex

222 2679 387 2742 redditrltm
397 2678 524 2756 domus,
545 2697 599 2740 seo
612 2678 750 2758 collegii,
762 2678 815 2740 ubi
828 2679 1037 2745 mombnntur.
1056 2677 1158 2738 habito
1178 2685 1281 2740 tamen
1302 2699 1377 2741 res-

223 2785 314 2862 pectu
327 2785 393 2841 tom
402 2776 593 2855 reddituum,
606 2783 672 2838 tum
683 2795 809 2839 onerum
821 2775 920 2839 eidem
933 2793 1128 2841 annexorum.

263 2888 315 2939 ts.
332 2875 462 2939 Prolessi
472 2894 544 2938 vero
557 2876 589 2937 in
600 2873 862 2938 saeristlrdinibus
877 2875 943 2954 jam
955 2874 1110 2938 eonstituti
1120 2918 1129 2952 ,
1138 2875 1190 2955 qui
1203 2873 1249 2934 sel
1262 2873 1379 2938 timore
1480 2923 1481 2927 ,

220 2974 303 3038 ducti
314 2995 375 3039 non
384 2975 456 3038 satis
464 2975 596 3038 honestae
604 2973 830 3036 sustentationis
840 2990 878 3033 ex
888 2971 1024 3049 delectu,
1038 2970 1085 3033 uel
1096 2970 1197 3051 iuopia
1209 2988 1374 3050 oongrure,

203 3134 207 3144 ,
220 3073 267 3135 vel
278 3074 427 3155 quialooo
440 3079 544 3135 cuent
552 3071 605 3134 ubi
615 3070 801 3133 domicilium
814 3069 871 3130 sibi
882 3073 1077 3149 eompassus,
1088 3067 1136 3130 vel
1144 3067 1185 3129 ob
1193 3076 1374 3148 provectam

221 3180 350 3252 nutem,
362 3172 513 3234 mutam
521 3169 736 3247 valetudinem,
744 3168 894 3247 aliamque
897 3167 1028 3244 iustam,
1038 3183 1221 3246 gravemque
1232 3184 1373 3245 oausam,

207 3270 329 3332 ‚domus
350 3268 522 3346 Societatis,
548 3286 602 3331 seu
631 3266 762 3347 Collegia
783 3264 990 3345 derelinquere
1016 3270 1222 3345 opportrmuur
1245 3264 1375 3327 minime

220 3367 469 3444 existimaverint,
490 3365 602 3427 ibidem
624 3382 748 3427 manere
763 3369 905 3445 poterrmt
919 3381 958 3426 es
977 3369 1081 3424 umen
1104 3361 1188 3441 lege,
1204 3367 1239 3422 ut
1254 3362 1374 3425 nullam

220 3464 365 3548 prediola
384 3463 511 3537 domus,
528 3481 583 3525 seu
598 3462 718 3543 collegii
731 3460 1021 3524 administrationem
1031 3458 1174 3522 habeant.
1187 3457 1373 3522 Clerioonrm

220 3561 414 3624 Seoularium
425 3567 509 3623 veste
524 3559 736 3622 tantummodo
747 3565 882 3635 utantur,
893 3558 1054 3638 vivantque
1064 3555 1223 3619 Ordinouo
1231 3557 1374 3634 ejusdem

219 3657 278 3719 looi
300 3656 472 3737 plenissime
491 3654 631 3736 meeeti.
656 3656 855 3718 Prohibemns
878 3660 983 3716 autem
1005 3653 1131 3716 omniuo
1152 3653 1315 3734 quominus
1340 3655 1374 3717 iu

220 3771 327 3816 ennam
344 3755 397 3836 qui
413 3754 553 3817 deficient
572 3754 690 3832 looum,
709 3753 785 3815 alios
797 3751 965 3829 miliciant3
987 3753 1118 3813 mnium
1136 3750 1176 3813 de
1191 3768 1270 3811 noso
1280 3751 1374 3829 juxta

219 3853 343 3917 Consilii
360 3852 565 3934 Lugdmmsis
577 3851 700 3914 decreta
718 3869 774 3913 seu
798 3850 927 3931 aliqum
947 3849 1050 3911 locum
1070 3847 1240 3929 aequirsnt5
1259 3847 1374 3912 domos

218 3953 354 4035 insuper,
368 3969 434 4028 res,
446 3957 478 4013 et
487 3951 572 4028 loos,
582 3966 740 4030 quenuno
752 3947 866 4009 halent
874 3993 883 4025 ,
896 3946 1026 4010 alienare
1039 3947 1177 4022 volesne
1189 3944 1329 4025 quinimo
1341 3947 1374 4009 in

219 4066 313 4110 unam
322 4054 442 4111 tantum
455 4046 599 4120 domum,
611 4063 664 4106 sen
675 4045 794 4126 plures,
807 4044 912 4106 hahita
928 4043 1045 4108 ratione
1059 4042 1234 4118 ὃοοίοτιιω,
1247 4043 1301 4122 qrri
1319 4061 1374 4104 re-

219 4146 401 4224 manebunt,
421 4150 564 4227 poterunt
583 4142 776 4222 congregari,
801 4142 843 4204 ita
865 4149 899 4206 ut
917 4143 1044 4221 domm,
1064 4161 1132 4224 que
1153 4160 1255 4205 suerro
1275 4142 1374 4205 relin-

219 4251 361 4323 qnentur,
375 4244 491 4326 possint
503 4241 614 4325 inpios
624 4262 697 4305 usus
706 4243 840 4306 converti
847 4244 934 4322 juxta
947 4243 979 4306 id
990 4243 1074 4324 quod
1083 4242 1178 4306 saeris
1188 4241 1373 4322 canonibus,

219 4341 364 4404 voluntati
379 4343 589 4422 fundatorum,
600 4342 692 4404 didni
702 4343 802 4405 cultus
814 4343 1019 4422 incremento,
1032 4343 1203 4409 animarum
1213 4342 1322 4419 saluti,
1336 4363 1374 4406 ac

218 4440 346 4523 publium
355 4443 475 4505 utilitati
485 4442 636 4505 videbitur
645 4442 707 4504 suis
715 4442 785 4503 loeo
796 4486 805 4518 ,
817 4450 848 4503 et
858 4448 995 4525 tempere
1007 4448 1101 4519 reete,
1116 4442 1234 4522 riteque
1243 4459 1373 4503 unom-

221 4536 390 4601 ruodatum.
406 4540 527 4603 iuterim
540 4557 613 4602 vero
625 4538 672 4600 vir
682 4539 790 4618 aliquis
803 4557 839 4602 ex
852 4539 940 4603 Glero
953 4541 1093 4605 &solui
1105 4538 1285 4622 pmdeutis,
1299 4558 1374 4621 pro·
