3194 5354
327 515 379 563 2⁰8
759 506 963 560 (neumis
980 508 1045 560 xiv

326 632 406 676 nunc
428 621 559 694 quatuor
575 612 757 692 accepimus,
772 612 883 692 quibus
897 612 983 674 labor
1002 614 1056 673 iste
1075 621 1148 675 tuus
1168 615 1278 675 eximia
1296 634 1369 676 cum
1394 617 1484 678 laude

325 710 525 772 concluditur.
544 708 743 790 Agnoscimus
752 724 825 770 sane
837 727 905 789 qrru
925 716 979 771 tua
993 710 1052 771 sint
1064 711 1103 772 de
1121 730 1208 773 sacra
1221 711 1359 774 doctrina
1373 715 1480 775 merita

325 833 361 875 ac
373 830 567 892 summopere
577 812 713 872 letamur
722 828 836 872 novum
844 809 914 870 inde
927 811 957 871 in
970 812 1166 892 Serapbicmn
1173 812 1328 891 Ordineu,
1337 815 1389 875 cui
1399 832 1483 876 sarm

325 927 451 991 mopere
464 907 633 986 studemus,
648 906 742 969 decus
753 907 908 986 amedere,
922 907 1012 989 idque
1025 908 1155 972 uberiori
1170 910 1264 971 Nobis
1276 910 1390 990 gaudio
1399 911 1481 973 tntu-

324 1024 394 1069 rum
410 1004 605 1082 confidimus,
620 1023 692 1065 eum
710 1003 831 1086 aliquod
851 1003 1063 1085 agranissimis
1078 1007 1329 1087 occupationibru
1346 1026 1479 1070 vacuum

324 1111 446 1184 tempus
464 1101 546 1164 nacti
565 1101 751 1163 luculentum
771 1109 859 1163 tuum
877 1101 951 1162 iliud
965 1120 1043 1182 opus
1063 1104 1262 1183 pertegamus.
1283 1106 1415 1183 Interea,
1427 1105 1478 1167 di-

324 1202 400 1263 lecte
418 1199 477 1279 tili,
492 1199 623 1262 maxime
644 1200 698 1261 tibi
721 1218 899 1282 persuasum
919 1198 1070 1280 cupimus,
1091 1201 1258 1281 plurimum
1274 1219 1330 1263 nos
1342 1219 1411 1263 esse
1423 1210 1479 1264 tuo

324 1315 449 1359 moriere
470 1296 642 1376 dilectatos,
668 1315 704 1358 ac
720 1297 869 1374 maiorem
887 1296 918 1358 iu
937 1297 1063 1358 modum
1084 1306 1207 1360 auctam
1222 1299 1255 1359 in
1274 1304 1305 1359 te
1316 1304 1477 1378 paternam

323 1393 562 1458 benevolentiam
581 1401 731 1472 nostram,
745 1393 777 1455 ia
794 1395 881 1473 cuius
902 1395 1010 1474 pignus
1024 1393 1223 1475 apostolicam
1234 1393 1476 1457 benedictionem

325 1494 398 1572 tibi,
425 1493 532 1557 dilecte
549 1493 607 1570 fili,
627 1502 821 1574 peramanter
837 1492 1037 1573 impertimur.
1063 1495 1177 1555 Datum
1203 1495 1318 1564 Romu,
1336 1500 1407 1568 etc,
1424 1493 1477 1552 die

330 1605 348 1652 8
355 1592 513 1670 februarii
529 1602 616 1667 tm,
629 1594 825 1671 pontificatus
841 1594 937 1650 nostri
950 1607 1031 1649 cauo
1046 1595 1148 1650 tertio.

800 1808 987 1877 CLXXXV.

663 1949 796 1991 nrnrcro
819 1948 903 1991 rinno
925 1949 1035 1990 nonrnr
1057 1948 1135 1990 vino

522 2037 776 2100 FREDERICO
803 2036 1095 2097 LANDGRAVIO
1117 2035 1285 2096 BASSIAE

625 2141 860 2220 CLEMENS
887 2144 1016 2220 ΡΑΡΑ
1043 2141 1151 2219 XIV.

1061 2284 1155 2342 Itomae,
1172 2286 1198 2332 t5
1212 2281 1325 2331 iebmarii
1337 2285 1408 2332 1771.

360 2374 491 2443 Dilecte,
504 2381 561 2433 ete.
571 2372 771 2432 Pcrmolestus
783 2370 874 2432 Nobis
885 2369 1003 2443 accidit,
1014 2388 1106 2450 quern
1115 2368 1263 2431 nunciasti
1277 2386 1333 2449 per
1343 2369 1471 2433 literasa

321 2478 351 2532 te
364 2479 524 2552 perceptus
533 2470 619 2533 dolor
630 2489 666 2531 ex
682 2471 767 2532 obitu
779 2469 970 2532 nobilissime
981 2469 1096 2549 tibique
1110 2466 1270 2529 carissima
1283 2466 1472 2549 Principisare

320 2567 419 2628 Mariae
432 2567 569 2646 coniugis
579 2575 648 2645 tuae,
661 2573 772 2647 tuoque
783 2566 842 2628 hoc
858 2568 943 2628 luctu
960 2584 1032 2627 eum
1051 2563 1199 2626 afficimur
1214 2563 1244 2624 in
1266 2564 1406 2640 modum,
1416 2567 1468 2647 qui

320 2668 447 2743 paterno
456 2662 610 2742 singulari,
619 2681 681 2742 quo
694 2663 723 2723 in
738 2670 767 2723 tc
783 2682 899 2742 sumus,
912 2663 1015 2725 animo
1024 2661 1184 2723 consentit.
1198 2660 1257 2722 Sed
1269 2680 1332 2742 quo
1343 2668 1397 2724 tua
1406 2663 1469 2726 brec

321 2758 433 2822 doloris
450 2759 598 2821 acerbitas
617 2759 770 2840 aliquanto
784 2761 876 2822 levior
897 2779 962 2822 esse
982 2759 1077 2841 possit
1089 2758 1281 2819 vehementer
1296 2765 1343 2835 te,
1360 2758 1470 2821 dilecte

319 2856 360 2917 iili
376 2856 484 2919 nobilis
498 2858 553 2936 vir,
574 2857 743 2936 hortamur,
765 2866 798 2921 ut
819 2859 1032 2940 cogitationem
1046 2866 1131 2919 tuam
1147 2858 1186 2919 ad
1210 2857 1344 2919 divinam
1357 2858 1469 2921 voluu-

318 2964 413 3020 tatem
430 2964 603 3037 convertas,
618 2958 657 3020 ad
671 2977 765 3040 quam
779 2977 849 3021 cum
868 2966 898 3021 te
913 2958 1159 3036 conformaveris,
1175 2957 1377 3019 certissimam
1398 2957 1468 3019 inde

317 3060 371 3115 tuo
384 3060 447 3116 tam
457 3054 540 3135 gravi
560 3054 674 3118 vulneri
691 3054 874 3118 medicinam
887 3054 1006 3117 senties.
1019 3057 1167 3116 Praeterea
1182 3057 1277 3115 Deum
1289 3055 1326 3115 0.
1342 3054 1384 3115 bi.
1400 3072 1468 3134 pre

316 3169 434 3230 camur,
456 3158 490 3214 ut
509 3172 564 3214 sua
582 3161 612 3214 te
632 3160 777 3234 tuamque
792 3150 927 3214 inclitam
950 3154 1082 3214 Domum
1105 3152 1289 3232 benignitate
1308 3150 1464 3232 respiciat,

317 3254 409 3327 utque
427 3266 464 3310 eo
474 3248 606 3329 propitio
627 3249 833 3329 egritudinem
844 3249 923 3310 hanc
933 3250 1032 3311 omnis
1042 3268 1133 3330 porro
1146 3249 1208 3311 reri
1218 3248 1290 3312 boui
1304 3246 1464 3327 solideque

316 3344 466 3407 felicitatis
483 3346 622 3408 cumulus
632 3354 842 3427 consequatur.
857 3349 928 3421 Qua
940 3354 1044 3408 nostra
1061 3345 1099 3408 de
1116 3354 1146 3408 te
1164 3354 1235 3408 vota
1248 3346 1464 3409 confirmamus

317 3440 481 3521 apostolica
492 3442 711 3522 benedictione,
724 3462 817 3527 quum
828 3442 959 3507 uberiori
968 3450 1099 3524 paterne
1110 3450 1219 3506 nostre
1229 3442 1359 3505 caritatis
1373 3460 1463 3524 argu-

316 3546 418 3603 mento
443 3540 596 3606 Nobilitati
613 3548 671 3606 tuae
696 3554 887 3626 peramanter
904 3543 1106 3627 impertimur.
1132 3545 1244 3606 Datum
1270 3544 1381 3614 bonu,
1402 3552 1461 3605 etc.

319 3650 353 3701 15
362 3637 516 3716 seducarii
534 3656 620 3708 tm.
628 3649 824 3726 pontificatus
836 3649 933 3705 nostri
942 3662 1025 3706 cauo
1043 3647 1140 3704 tertio.

783 3861 985 3934 CLXXXVI.

531 3998 756 4043 nmncrrssnra
776 4001 811 4043 rn
833 4002 970 4045 cnnrsro
993 4003 1088 4044 rnre
1112 4001 1238 4044 nosrnn

384 4085 561 4143 ALOY-SIAE
581 4087 719 4146 MARIAE
737 4088 868 4149 REGIAE
889 4089 1120 4151 GALLIARUM
1139 4087 1390 4150 PRINClPssSAE

619 4189 854 4272 CLEMENS
882 4196 1011 4273 PAPA
1039 4194 1146 4272 XIV.

1043 4338 1136 4397 Rome,
1154 4340 1183 4384 2⁶
1198 4331 1310 4385 februarii
1326 4335 1396 4382 uta.

351 4419 568 4493 Dilectissimo,
580 4431 636 4484 etc.
647 4421 770 4484 Nullum
790 4423 886 4502 magis
905 4420 1459 4503 consentaneumeximiancstrapa·

311 4520 400 4576 terna
420 4533 491 4595 erga
509 4524 538 4578 tc
559 4521 676 4581 caritati
697 4538 807 4581 munus
825 4539 890 4583 esse
910 4522 1024 4602 potuit,
1041 4536 1135 4603 quam
1154 4519 1236 4601 quod
1259 4526 1313 4582 tuo
1335 4516 1461 4581 nominc
