3194 5354
664 453 866 508 1111111115
885 458 950 511 xiv

764 597 837 666 xx.

687 762 815 803 niuacro
838 763 922 804 11110

239 875 453 948 mannent,
474 877 630 938 ottmn'ls
649 880 1143 942 0111111111111111111110111
1165 881 1395 961 ΕΕΝΕΒΑΠ,

540 1009 771 1090 CLEMENS
798 1015 926 1091 ΡΑΡΑ
954 1010 1060 1100 xlv.

1006 1176 1099 1233 nm,
1111 1180 1127 1222 9
1138 1175 1233 1234 111μί
1248 1180 1322 1225 1769.

276 1278 402 1348 Iniecta,
413 1286 469 1339 etc.
491 1279 623 1340 Pristinis
642 1283 731 1342 vestri
752 1284 864 1346 ordinis
884 1285 915 1344 in
930 1284 991 1344 Nos
1004 1279 1109 1340 studiis
1122 1282 1321 1343 consentiunt
1336 1302 1389 1349 ea.

233 1394 300 1454 quae
314 1376 467 1437 nobiseum
480 1378 643 1440 luculenter
658 1383 776 1461 peragis
796 1380 1004 1462 gratulationis
1021 1378 1121 1439 officia
1134 1379 1175 1439 ob
1188 1381 1388 1459 pontificiam

232 1472 372 1535 divinitus
402 1475 492 1535 Nobis
516 1476 645 1538 delatam
681 1478 879 1558 dignitatem,
910 1497 977 1558 quae
1004 1475 1076 1556 quin
1110 1475 1184 1536 fusis
1215 1476 1255 1537 ad
1281 1481 1387 1541 11311111

232 1574 299 1651 llpt.
328 1573 403 1633 atax.
427 1593 483 1654 pro
513 1576 687 1637 sustinenda
713 1586 816 1638 nostra
839 1576 1042 1638 imbecillitate
1071 1574 1212 1653 precibus
1235 1579 1385 1639 cumule-

231 1669 287 1745 tis,
303 1669 441 1733 dubitare
461 1673 584 1734 minime
598 1693 777 1754 possumus,
797 1681 887 1754 atque
908 1673 1021 1733 ideireo
1038 1670 1231 1731 vehementer
1253 1691 1273 1731 a
1292 1674 1385 1735 vobis

231 1768 371 1849 petimus,
383 1776 418 1831 ut
430 1770 460 1830 id
473 1770 572 1850 ipsum
585 1789 642 1851 pro
659 1780 757 1834 vestra
768 1773 799 1832 in
813 1773 874 1832 n'os
893 1770 1004 1850 pietate
1018 1769 1217 1847 inposterum
1232 1777 1384 1847 praeatare

228 1884 382 1947 nunquam
396 1868 609 1929 intermittatis.
622 1871 698 1944 Quid
711 1889 783 1933 vero
796 1870 834 1931 da
846 1877 950 1931 nostra
961 1886 1032 1947 erga
1043 1885 1096 1927 vos
1114 1865 1270 1926 voluntate
1284 1867 1384 1946 polli—

227 1966 286 2026 rari
304 1966 389 2027 vobis
403 1965 543 2041 valeatis,
560 1967 722 2048 intelligere
735 1968 822 2029 facile
835 1967 961 2049 potestis
974 1984 1012 2026 ex
1026 1970 1185 2044 perspecta
1197 1969 1303 2024 nostra
1322 1984 1384 2027 ve-

228 2069 290 2123 tera
313 2062 537 2139 benevolentia,
559 2083 650 2143 quam
670 2085 707 2126 ex
721 2065 812 2144 hujus
829 2064 982 2145 dignitatis
1002 2062 1173 2124 adsessione
1195 2079 1257 2122 non
1274 2064 1380 2127 solum

227 2179 287 2221 non
302 2161 515 2235 imminutam,
531 2161 583 2221 aad
602 2161 687 2222 valde
707 2162 800 2222 etiam
818 2169 938 2222 auctam
960 2168 1051 2239 atque
1073 2156 1288 2237 amplificatam
1307 2179 1380 2224 osse

227 2257 410 2331 existimata3
433 2255 596 2334 prasertim
619 2275 689 2317 cum
710 2256 753 2317 tui
774 2257 893 2318 Ordinis
912 2254 1095 2317 monasteria
1119 2273 1138 2314 a
1162 2261 1192 2313 te
1215 2252 1381 2333 diligenter

228 2356 368 2431 lustrata,
381 2361 416 2414 111
437 2353 559 2429 scribis,
573 2354 704 2415 Instituti
723 2355 769 2415 aui
783 2355 937 2434 lagesvita
959 2361 989 2414 et
1008 2352 1143 2414 moribus
1159 2352 1235 2412 tueri
1251 2365 1379 2434 reperta

227 2452 297 2512 sint.
316 2455 356 2511 llo
369 2466 431 2528 quo
450 2447 571 2526 quidem
593 2449 734 2509 certiores
752 2469 771 2509 a
791 2458 820 2510 te
838 2451 903 2511 lieri
923 2450 1016 2512 Nobis
1033 2450 1090 2511 luit
1105 2449 1375 2526 jucundissimum.

228 2551 324 2610 'lanto
338 2548 428 2626 igitur
446 2546 540 2623 magis
559 2546 715 2626 pristinam
735 2565 805 2627 erga
821 2567 875 2609 vos
893 2549 1049 2610 caritatem
1069 2548 1276 2624 cumulamus,
1290 2570 1329 2613 ao
1343 2553 1377 2615 in

227 2648 362 2724 riualem
385 2646 565 2706 luculentius
585 2654 795 2726 argumentum
820 2648 1015 2728 apostolicam
1037 2645 1279 2709 benedictionem
1299 2650 1374 2727 tibi,

226 2745 333 2805 dilecte
353 2744 411 2818 tili,
428 2743 625 2826 universoque
646 2745 742 2806 ordini
761 2753 820 2807 tuae
837 2746 906 2807 fidei
924 2746 1086 2807 commisso
1106 2751 1298 2825 peramanter
1312 2747 1375 2808 im-

226 2843 506 2922 portinianum
520 2845 628 2915 Romo,
640 2850 710 2920 eto„
721 2853 738 2902 9
750 2849 874 2922 unumst
886 2855 973 2920 1169,
984 2846 1173 2924 pontificatus
1184 2847 1280 2904 nostra·
1289 2862 1375 2908 anno

223 2958 334 3018 primo.

706 3056 870 3071 ...Q—-

750 3164 839 3233 XXl.

474 3327 645 3370 CARISSIHAE
666 3330 700 3370 111
722 3331 856 3372 cultrato
879 3329 972 3371 mm
994 3328 1121 3370 NOSTRAE

288 3448 443 3510 MARIAE
472 3448 716 3524 THERESIAE,
745 3449 994 3512 HUNGARIAE
1018 3447 1310 3508 APOSTOLICAE

365 3583 404 3631 11
420 3579 572 3631 normann
587 3583 714 3633 naama
731 3582 874 3634 unusmr
889 3580 1093 3630 muniamur
1108 3580 1228 3642 11111111,

534 3697 767 3778 CLEMENS
795 3699 925 3775 ΡΑΡΑ
952 3698 1059 3776 xlv.

958 3866 1051 3922 Roma,
1069 3867 1097 3912 tt
1110 3863 1205 3924 augusti
1221 3866 1287 3914 1709.

260 3971 440 4042 Carissimo,
460 3976 517 4031 etc.
536 3972 558 4032 ll
573 3973 641 4034 vivo
658 3993 675 4034 a
690 3975 862 4034 veramente
882 3969 1013 4034 oordiale
1035 3969 1180 4030 interesse
1201 3967 1258 4029 che
1279 3984 1369 4047 pren·

220 4067 321 4131 diamo
329 4069 359 4131 in
373 4073 452 4129 tutto
462 4067 509 4129 eid
520 4067 575 4130 che
583 4069 757 4151 appartiene
769 4067 1035 4146 allostraltlaestb‚
1047 4066 1103 4129 ebe
1113 4065 1172 4126 ben
1181 4065 1211 4126 lo
1221 4064 1329 4125 merita
1337 4064 1367 4124 in

220 4167 396 4246 particulare
411 4167 545 4230 maniam
561 4168 610 4231 dal
624 4187 701 4250 capo
714 4165 793 4228 della
806 4165 910 4230 Chiesa
924 4185 984 4228 non
996 4171 1081 4228 tanto
1096 4182 1151 4246 per
1161 4163 1192 4224 la
1205 4180 1260 4223 sua
1273 4178 1369 4239 gram

219 4262 325 4343 (lauza,
339 4273 453 4346 quanto
472 4287 525 4349 per
536 4268 636 4348 quella
649 4266 764 4327 illustre
777 4262 858 4344 pieta
873 4264 929 4326 cho
942 4264 1041 4326 torma
1052 4263 1131 4325 nella
1148 4279 1202 4322 sua
1231 4259 1368 4336 Augusta

219 4362 351 4424 l’ersona
371 4362 392 4424 il
412 4366 564 4448 maggiore
583 4365 614 4426 di
632 4360 701 4426 tutti
719 4362 728 4422 i
743 4360 808 4424 suoi
823 4364 922 4444 pregj,
939 4381 1001 4425 non
1021 4364 1048 4424 oi
1068 4363 1131 4445 pub
1151 4362 1313 4420 trattenere
1335 4356 1365 4418 di

219 4464 322 4522 entrar
343 4466 464 4541 aparte
483 4462 513 4524 di
532 4462 630 4543 quella
654 4477 771 4522 somma
793 4459 999 4523 consolazione
1015 4461 1071 4522 ohe
1095 4459 1164 4520 3113
1186 4462 1311 4538 provata
1335 4456 1364 4518 13
