3194 5354
382 507 565 564 sarstono
583 485 1031 561 arnmvusrrrnnonl.
1226 511 1279 563 ras

135 608 250 678 Gallico
268 612 379 676 ditione
388 613 477 694 positi
491 612 580 674 saluti
598 620 630 674 at
643 609 831 673 consdentin
850 610 1055 690 tranquillitati
1072 613 1275 676 cumulamus.

129 706 178 772 ad
192 709 223 771 id
234 709 424 791 potissimum
437 727 485 787 aa,
498 726 591 791 quam
609 707 781 789 significasti
792 707 908 768 ratione
917 706 1111 787 impellimur,
1122 727 1233 790 nernpa
1246 709 1276 771 in

130 806 269 869 universa
282 807 413 883 Alsatia,
431 824 516 869 more
535 806 566 868 id
579 823 643 868 eme
656 805 803 886 positum,
817 821 854 865 ac
874 802 1007 884 sepulcri
1028 803 1145 867 motata
1159 805 1276 871 disum

128 903 274 967 testortun
288 902 500 979 celebratione,
513 903 764 965 sublatametinrn
774 919 840 964 esec
850 900 1064 981 obligationem
1073 903 1275 981 ieiuniorum,

131 1021 198 1083 qun
210 1003 277 1064 illos
289 1001 355 1064 dies
371 1000 590 1083 precedebant.
606 1003 670 1063 llac
689 1001 778 1080 igitur
797 997 1015 1060 consuetudine
1035 999 1169 1064 maxime
1183 998 1276 1063 innixi

129 1099 292 1181 expetitam
311 1100 488 1162 facultatem
509 1119 566 1180 pro
586 1099 725 1162 Diwesis
745 1105 803 1158 tua
819 1104 905 1178 parte
925 1097 955 1158 in
967 1096 1082 1159 Alsntla
1093 1097 1194 1178 positu
1221 1099 1276 1161 libi

128 1195 317 1277 indulgemus
324 1221 333 1275 3
347 1203 450 1260 tamen
462 1197 603 1260 cautione
613 1197 747 1260 adbibita
758 1221 765 1257 :
777 1197 870 1258 altera
879 1196 1035 1273 nimirum,
1043 1202 1078 1256 ut
1088 1213 1126 1257 ne
1138 1196 1168 1257 ln
1177 1195 1276 1262 edicto

126 1313 184 1376 pro
198 1292 318 1358 dierunt
339 1295 483 1358 lectorum
502 1296 745 1359 imminutiones
765 1303 794 1357 te
815 1294 953 1357 sariendo
967 1295 1028 1357 ulta
1047 1295 1276 1382 subtaujaJunii

124 1391 239 1454 mantio
255 1392 325 1470 ilat,
343 1410 413 1454 cnm
427 1394 526 1475 ipsum
544 1394 603 1455 hoc
617 1393 768 1455 silentium
786 1390 845 1452 illic
859 1406 895 1452 ex
921 1389 1050 1470 regionis
1061 1407 1185 1471 usupra
1199 1408 1277 1454 con-

123 1490 258 1552 cessione
285 1489 389 1554 haberi
403 1492 513 1572 possit,
538 1508 670 1572 cumque
692 1489 797 1569 alique
818 1487 985 1548 tibidcesse
1007 1504 1069 1547 non
1090 1487 1205 1566 possint
1222 1488 1276 1551 vie

124 1587 249 1667 qubus,
259 1587 284 1648 si
295 1586 338 1648 ita
349 1605 426 1668 opus
439 1587 543 1667 luerit,
556 1586 728 1669 hujusmodi
740 1586 894 1648 concessio
906 1585 945 1645 ad
957 1584 1061 1664 populi
1073 1582 1274 1663 cognitionem

123 1688 287 1766 perveniat.
303 1686 407 1748 Altera
420 1688 521 1750 cautio
537 1696 603 1764 est,
620 1695 655 1749 ut
674 1705 713 1748 ne
731 1686 794 1746 hec
807 1684 900 1746 tacita
917 1682 1101 1762 jejuniorum
1120 1683 1274 1762 abrogatis

125 1799 181 1865 pro
198 1784 339 1847 Alsaltica
358 1790 478 1848 tantum
496 1793 555 1847 tue
571 1785 705 1848 diaecesis
725 1789 812 1864 parte
829 1799 987 1858 conamen,
1008 1781 1108 1861 aliqm
1124 1779 1275 1861 interpre-

122 1881 206 1943 tandi
226 1883 366 1959 licentia,
394 1889 446 1944 aut
460 1901 561 1947 errore
573 1883 612 1946 ad
633 1883 761 1945 aliatum
778 1880 996 1943 dioecesisloca
1019 1885 1105 1940 extra
1124 1878 1272 1941 enectam

122 1979 221 2059 posita
235 1980 412 2042 traducatur
423 1987 513 2060 atque
527 1981 718 2043 extendatur.
733 1981 766 2040 ln
786 1979 824 2040 iis
836 1977 918 2040 enim
931 1977 1005 2038 locis
1018 1977 1117 2038 velere
1129 1975 1271 2049 omnino,
1321 2050 1325 2057 ι

122 2081 213 2156 atque
228 2075 328 2137 induci
339 2078 494 2154 volumus,
510 2077 549 2138 de
559 2076 644 2139 iestis
661 2076 826 2156 acjdtmiis
836 2076 947 2155 legem,
962 2092 1090 2154 eamque
1099 2073 1273 2152 jamhacte

122 2193 182 2237 nus
205 2175 351 2237 ibidema
370 2182 401 2236 te
421 2174 576 2237 inductam
594 2193 632 2237 ac
649 2175 803 2256 vulgatam
822 2191 993 2236 censemus.
1008 2173 1110 2234 Habes
1129 2171 1232 2252 itaqua
1253 2190 1273 2230 a

127 2273 222 2338 Nobis
233 2320 241 2348 ,
257 2288 349 2353 quam
359 2273 518 2354 postulasti
528 2272 705 2335 facultatem
715 2318 724 2350 ,
734 2270 920 2333 Venerabilis
934 2273 1049 2346 nster,
1063 2287 1156 2350 quarn
1169 2268 1222 2331 tibi
1234 2286 1273 2329 ac

120 2372 260 2436 libentius
274 2371 417 2452 impertiti
428 2388 544 2450 smnus,
558 2371 641 2452 quod
650 2371 710 2432 tuis
720 2370 921 2450 singularibus
930 2369 1082 2449 Nobisque
1090 2366 1273 2448 perspectis-

121 2469 205 2531 nmis
211 2467 350 2531 laudibus
364 2467 471 2530 eadem
485 2475 515 2530 te
525 2468 711 2554 usurumillo
720 2468 820 2530 animo
829 2467 1022 2548 scimusque
1033 2463 1152 2528 aNobis
1159 2482 1273 2527 conce-

121 2566 214 2643 ditur,
222 2565 328 2627 divina
341 2564 480 2627 videlicet
492 2565 592 2645 gloria
605 2572 634 2626 et
646 2565 799 2646 populitui
810 2563 914 2626 salutis
923 2561 1151 2626 mudiodssimo.
1165 2561 1272 2624 Putem

122 2681 159 2724 ac
178 2663 269 2725 rebus
287 2659 318 2724 in
330 2661 471 2724 omuibus
488 2680 572 2743 equa
588 2667 705 2742 ergata
728 2679 911 2744 propensam
930 2668 1065 2724 nostram
1086 2658 1271 2722 voluntatem
1374 2677 1376 2681 ⁴

124 2777 242 2841 semper
255 2761 389 2823 luturarn
403 2760 591 2841 profitemur,
606 2769 698 2842 atque
709 2761 741 2821 in
753 2760 843 2840 hujus
859 2759 1021 2841 mundalia·
1029 2757 1163 2821 caritatis
1174 2756 1268 2819 mani

122 2858 225 2921 festius
248 2858 356 2938 pignus
380 2860 577 2939 apostolicam
598 2859 838 2922 benedictionem
858 2857 934 2934 tibi,
951 2855 1136 2918 Venerabilis
1153 2856 1269 2930 Frater,

123 2963 238 3035 tuoque
250 2955 388 3016 universo
400 2957 513 3035 populo
529 2963 721 3035 peramanter
733 2954 933 3035 impertimur.
948 2957 1063 3017 Datum
1076 2955 1188 3022 Rome,
1197 2960 1268 3023 cte„

120 3055 171 3112 die
184 3063 202 3112 a
210 3054 350 3129 jeracon·
367 3061 454 3121 trra,
464 3055 656 3130 pontificatur
669 3056 764 3112 nostri
775 3069 855 3110 cano
866 3056 983 3128 quarta

604 3171 788 3188 m

639 3280 748 3352 CCXI.

475 3435 724 3482 menarsiana
742 3436 914 3485 raarntsus

166 3540 408 3604 luntasunst
429 3540 730 3603 Ancfflnrlscoeo
749 3544 798 3603 ΕΤ
818 3542 1014 3603 ununnnst
1036 3541 1219 3604 EPISOEPO

431 3659 661 3743 cununus
689 3664 818 3742 rara
844 3662 953 3742 xiv,
1073 3760 1074 3764 Ν

851 3819 948 3877 nona,
965 3820 993 3864 1⁵
1005 3813 1117 3865 roman
1135 3819 1202 3867 trra.

165 3917 369 3987 Venerabiles,
390 3925 445 3979 etc.
462 3918 588 3981 Ceteras
605 3916 683 3982 inter
695 3919 931 3997 sollicitudines,
954 3927 984 3985 et
998 3921 1155 4002 pastoralis
1173 3921 1264 3985 officii
1368 3912 1374 3926 '

118 4032 224 4091 curas,
238 4013 276 4074 ad
295 4013 378 4093 qnod
397 4014 486 4077 nrrllis
504 4016 613 4078 uostris
637 4017 770 4094 meritis,
786 4017 840 4080 sed
860 4016 949 4081 unius
970 4017 1077 4081 divina
1101 4017 1264 4080 clementie

118 4110 256 4190 largitate
269 4109 366 4170 vocati
375 4108 508 4188 luimus,
521 4131 590 4175 eam
607 4132 726 4196 semper
744 4116 895 4197 precipuo
908 4116 1002 4180 Nobis
1013 4117 1080 4178 loco
1093 4113 1263 4176 habendam
1305 4130 1307 4138 ·

117 4207 353 4271 existirrravimus
363 4225 440 4287 ,qua
453 4226 556 4273 sacros
569 4213 741 4292 operarios,
753 4215 805 4294 qui
820 4212 964 4294 peculiari
983 4212 1115 4291 quadam
1129 4209 1261 4287 radone,

117 4305 424 4385 arctissimisqnevite
435 4309 711 4387 regularisriuculis
723 4314 785 4375 lleo
799 4311 961 4391 mancipati
972 4311 1002 4371 in
1014 4310 1133 4373 vineata
1144 4309 1261 4375 Duraini

119 4403 316 4465 excolendam
336 4422 407 4466 suos
430 4425 536 4470 omnes
549 4409 708 4473 conserunt
719 4410 849 4486 labores,
865 4407 1009 4488 sinptrleri
1020 4409 1158 4488 morcui
1174 4415 1262 4472 terte-

118 4518 187 4562 stiur
202 4498 327 4577 aflectu,
340 4519 489 4583 propensa
504 4504 606 4567 sorore
623 4507 793 4584 voluntate,
817 4525 853 4569 ac
866 4506 1137 4572 beneficentissimo
1154 4509 1258 4573 fulcire
