3194 5354
322 490 373 543 100
749 475 952 532 cuuttENTts
968 476 1036 531 xtv

318 586 585 672 circumferuntur,
600 591 652 647 aut
672 583 804 665 primum
823 584 853 645 in
872 583 971 645 lucem
993 581 1188 662 proterendis,
1205 590 1259 642 aut
1278 581 1318 643 ab
1342 582 1471 647 inducto

319 688 469 771 squallore
488 684 800 764 vmdicmrdis,'idque
819 687 849 744 te
870 699 931 743 non
948 680 1058 742 trustra
1077 678 1209 760 polliceri
1230 678 1352 767 abrrnde
1373 681 1471 744 Nobis

318 783 409 846 tidem
421 783 534 847 iaciunt
547 783 693 844 hactenus
704 779 804 842 collati
822 777 943 860 plurimi
961 775 1005 838 tui
1022 776 1052 837 iu
1067 793 1132 837 rem
1145 774 1321 838 litterariam
1334 776 1470 853 uboroe,

319 898 355 940 ac
371 879 457 942 istius
471 877 672 942 celeberrima
689 876 829 940 Medicea
844 874 1031 937 bibliotheca
1042 872 1151 934 meritc
1169 878 1229 935 tua
1244 890 1325 934 cura
1337 872 1471 956 udaque

317 976 484 1039 commissa
497 975 719 1058 opportunitas.
738 973 827 1037 Haud
847 991 982 1052 unquam
1001 991 1020 1034 a
1039 979 1070 1033 te
1087 971 1181 1033 Nobis
1199 971 1365 1052 quidquam
1378 975 1472 1036 acci·

317 1075 388 1137 dere
401 1075 512 1157 poterit
520 1074 696 1154 jucundius,
711 1090 783 1134 nam
795 1071 948 1134 verissime
958 1071 997 1133 de
1007 1070 1100 1133 Nobis
1114 1070 1206 1133 sentis
1216 1069 1299 1150 quod
1312 1070 1350 1132 dc
1362 1081 1471 1136 nostro

318 1173 348 1234 in
363 1173 477 1236 litteras
500 1190 604 1235 amore
622 1170 779 1253 praedicas.
796 1169 975 1231 Curabimus
997 1171 1057 1231 Nos
1071 1174 1172 1246 certa,
1187 1172 1221 1230 ut
1242 1167 1301 1230 hoc
1318 1166 1470 1245 judicium

318 1276 405 1332 tuum
422 1269 637 1333 confirmemus
655 1267 750 1347 magis
770 1267 801 1327 in
819 1266 883 1327 dies
904 1267 1024 1346 egregio
1046 1273 1150 1328 nostro
1168 1264 1201 1328 in
1221 1265 1368 1329 litteratos
1386 1266 1470 1329 viros

318 1366 429 1442 studio,
447 1385 483 1429 ac
503 1366 704 1447 plurimorum
722 1363 841 1443 ingenia
855 1362 893 1425 ad
907 1362 1106 1444 capessendas
1120 1361 1324 1444 colendusque
1335 1363 1470 1445 optimas

317 1462 490 1544 disciplinas
503 1461 605 1524 lavore
621 1479 658 1522 ac
671 1459 840 1541 patrocinio
851 1467 957 1522 nostro
970 1459 1145 1522 excitemus.
1169 1462 1214 1522 Ex
1231 1477 1294 1539 quo
1309 1459 1406 1523 ctiam
1418 1461 1469 1523 in-

318 1560 450 1640 talligere
462 1566 560 1642 potes,
574 1558 682 1621 dilecte
696 1557 756 1634 lili,
771 1576 832 1637 qua
844 1556 875 1618 in
888 1564 918 1618 te
930 1556 1089 1637 simusprc
1099 1555 1273 1635 hujusmodi
1284 1557 1345 1619 tuis
1353 1559 1470 1621 meritis

317 1657 489 1737 voluntate,
511 1675 664 1739 quamque
683 1661 718 1718 at
734 1655 801 1733 ejus
820 1653 1038 1735 amplificanda
1053 1654 1208 1716 ulteriores
1224 1671 1344 1736 semper
1359 1673 1470 1718 causas

317 1754 462 1817 extituras
473 1772 535 1817 non
546 1752 746 1832 ambigimus,
766 1751 850 1813 itaet
864 1751 962 1831 reipsa
976 1750 1031 1812 tibi
1048 1750 1234 1813 declaranda
1253 1751 1355 1814 locum
1374 1751 1471 1815 Nobis

318 1850 384 1912 dari
400 1850 570 1932 cupiamus.
586 1849 672 1911 Acin
691 1854 823 1930 paterna
845 1847 1055 1909 benevolentia
1074 1847 1182 1928 pignus
1194 1847 1391 1930 apostolicam
1409 1849 1470 1910 bc-

318 1949 519 2014 ucdictionem
535 1949 610 2026 tibi,
633 1947 739 2011 dilecte
759 1947 816 2024 lili,
836 1952 1026 2028 peramanter
1045 1945 1244 2028 impertimur.
1266 1949 1382 2010 ΒΜ
1402 1949 1470 2009 tto-

318 2066 386 2118 moe,
403 2057 473 2122 etc,
489 2050 539 2110 dic
554 2049 677 2125 cajeta
694 2057 780 2119 tatu,
792 2047 984 2125 pontificatus
994 2049 1091 2107 nostri
1101 2062 1181 2107 anno
1194 2047 1335 2108 cranao.

842 2305 942 2376 xctt.

661 2472 859 2515 sanctisstrn
882 2470 999 2515 nolum
1021 2470 1133 2514 lloffll

320 2587 598 2659 CLEMENTlS
629 2587 803 2659 lllVlNA
840 2584 1183 2659 PROVlDENTlA
1214 2585 1346 2656 PAPAE
1378 2584 1467 2657 xlv

748 2735 1048 2814 ALLOCUTIO

397 2895 512 2945 rtrum
528 2896 560 2945 tat
580 2896 788 2946 couststottlo
804 2897 941 2961 suncanto
958 2897 1013 2945 ltut
1028 2898 1062 2947 vt
1078 2897 1213 2948 AUGUSTI
1228 2897 1388 2948 MDOCLXX.

363 3030 552 3090 Venerabiles
562 3030 697 3090 Fratres.
714 3029 801 3104 Quod
811 3030 927 3093 tamdiu
937 3030 1118 3112 optavimus,
1129 3031 1324 3093 venerabiles
1332 3033 1467 3107 Fraucs,

319 3127 401 3207 quod
413 3147 429 3189 a
441 3130 502 3188 Deo
514 3127 633 3208 Optimo
647 3126 782 3189 Maximo
793 3129 905 3209 precati
918 3146 1036 3210 semper
1047 3147 1169 3206 sumus,
1184 3129 1214 3191 in
1229 3149 1290 3210 quo
1305 3129 1468 3210 cogitatio-

319 3242 384 3300 nes,
399 3229 430 3284 et
439 3241 516 3285 cura
526 3231 636 3285 nostra
650 3223 769 3287 assidam
780 3231 850 3285 sunt
863 3232 997 3303 versata,
1010 3224 1083 3287 illud
1094 3225 1217 3288 tandem
1230 3244 1348 3288 summo
1359 3223 1467 3286 divinae

320 3322 488 3384 Clementia
500 3340 622 3383 munere
643 3341 746 3383 sumus
766 3324 956 3404 consequuti.
977 3326 1171 3389 Carissimum
1192 3328 1222 3388 in
1240 3327 1355 3390 Christo
1367 3327 1466 3391 filium

320 3420 462 3480 Nostrum
476 3417 643 3498 losephum
659 3419 846 3499 Portugalliae
861 3428 891 3482 et
907 3422 1118 3501 Algarbicrum
1134 3425 1246 3503 Regem
1256 3423 1466 3488 fidelissimum

319 3620 413 3676 tatem
425 3632 495 3695 erga
505 3616 565 3677 Nos
578 3632 664 3676 sumn
679 3614 757 3676 ultro
773 3615 968 3698 alacriterque
981 3617 1019 3680 ad
1034 3622 1094 3681 Nos
1106 3620 1289 3682 deserentem
1301 3624 1465 3705 conspexi-

319 3731 402 3790 mus,
417 3721 448 3774 et
460 3713 617 3794 pristinam
630 3713 727 3790 illam,
741 3720 831 3794 atque
846 3715 1038 3794 allajoribus
1048 3717 1110 3779 suis
1123 3725 1269 3800 tanquam
1278 3719 1466 3800 praeclarissi-

318 3827 402 3871 mam
413 3810 616 3873 hereditatem
626 3811 682 3873 sibi
694 3812 914 3891 transmissam,
927 3815 1072 3879 nimirum
1081 3836 1168 3880 suam
1180 3837 1250 3900 erga
1259 3819 1465 3900 Apostolicanr

318 3904 397 3967 hanc
408 3905 515 3968 Sedem
529 3906 719 3969 devotionem
732 3908 820 3970 novis
832 3928 867 3972 ac
875 3910 1017 3973 maximis
1031 3913 1129 3975 lilialis
1147 3914 1177 3976 in
1190 3915 1251 3977 Nos
1264 3915 1355 3977 animi
1368 3915 1465 3996 signi-

317 4001 508 4065 ficationibus
518 4010 655 4082 auctam,
672 4011 703 4065 ct
715 4008 900 4069 cumulatam
912 4008 1001 4070 laetati
1015 4014 1133 4074 sumus.⁴
1144 4013 1282 4075 Testatos
1292 4012 1384 4074 etiam
1398 4031 1467 4074 om·

317 4099 406 4163 nibus
420 4119 456 4162 ac
470 4099 644 4162 manifestos
661 4104 819 4184 praclaros
833 4106 889 4166 hos
908 4124 967 4167 sua
983 4107 1014 4168 in
1028 4109 1089 4170 Nos
1103 4109 1265 4172 voluntatis
1282 4124 1386 4171 sensus
1398 4124 1467 4170 esse

317 4195 413 4257 voluit
424 4196 587 4260 venerabili
606 4196 698 4261 tratre
716 4201 891 4262 innocentio
909 4203 1135 4286 archiepiscopo
1149 4208 1220 4287 Tyri
1234 4205 1325 4269 misso
1340 4202 1466 4268 adeum

317 4290 469 4355 ordinario
485 4295 595 4357 Nostro
612 4295 729 4358 Nuncio
743 4297 942 4376 singularibus
964 4301 1088 4364 honoris
1105 4310 1195 4384 atquc
1216 4301 1327 4366 amoris
1345 4301 1466 4365 indiciis

316 4407 413 4471 nuper
425 4401 562 4473 excepto.
584 4392 639 4468 Qut
660 4394 799 4456 simulac
816 4395 846 4456 iu
860 4397 1018 4461 Lusitania
1032 4401 1106 4462 fines
1126 4401 1236 4481 pedem
1256 4400 1372 4478 intulit,
1385 4418 1467 4462 nova

315 4488 440 4551 omnino
456 4498 546 4570 atque
557 4493 697 4554 inusitata
717 4492 842 4573 decora,
862 4514 897 4557 ac
908 4507 1085 4560 ornamenta
1100 4498 1129 4559 in
1142 4498 1188 4560 sui
1208 4496 1374 4579 apostolici
1392 4506 1466 4559 mu·
