3194 5354
469 453 653 510 EPISTOLAE
672 454 717 508 ET
737 454 869 510 Bnuvts
891 455 1125 512 structione.
1317 464 1369 515 2²5

754 622 829 692 cet.

445 777 671 820 ursacrrssnrn·
694 778 727 819 ιη
750 779 882 821 cuarsro
906 781 995 822 rrum
1018 780 1143 823 nosram

384 874 541 936 MARIAE
568 875 772 936 snxottlAE
797 875 1032 936 ELECTRICI
1059 871 1208 937 vlnuAE

532 996 765 1076 CLEMENS
794 999 921 1076 ΡΑΡΑ
951 998 1058 1075 XIV.

994 1150 1124 1206 nomon
1140 1147 1221 1210 aprilis
1235 1150 1303 1196 1772.
1335 1188 1340 1194 .

262 1253 490 1323 Dilectissimo,
506 1259 561 1315 etc.
577 1253 771 1315 Gratissimus
788 1252 880 1313 Nobis
896 1259 942 1313 est
960 1251 1105 1313 adventus
1126 1253 1156 1312 in
1170 1252 1304 1327 ltaliam,
1321 1259 1370 1312 at·
1418 1288 1425 1299 ι

222 1369 281 1432 que
296 1351 334 1412 ad
358 1353 419 1412 Nos
442 1360 512 1414 tuus
534 1371 571 1414 eo
593 1353 725 1414 maxime
739 1351 865 1414 consilio
879 1357 1052 1430 susceptus,
1078 1357 1112 1412 ut
1125 1351 1156 1410 in
1169 1348 1227 1410 hac
1247 1349 1369 1428 potissi-

222 1466 307 1510 mum
321 1449 474 1528 religionis
488 1468 556 1510 arce
575 1456 750 1511 sanctorum
770 1447 977 1530 apostolorum
988 1447 1067 1508 Petri
1079 1451 1110 1507 et
1127 1445 1211 1506 Pauli
1225 1445 1370 1524 sanguine

222 1545 490 1622 consecrataloca,
502 1546 620 1624 aliaque
639 1545 807 1607 sanctitatis
820 1552 1017 1607 monumenta
1027 1562 1083 1624 pro
1092 1542 1202 1604 eximia
1216 1542 1259 1603 tui
1277 1542 1368 1602 animi

222 1639 382 1702 devotione
392 1660 521 1722 praesens
535 1660 743 1722 cognosceres.
766 1645 835 1716 Quae
853 1643 927 1703 dum
946 1641 1049 1703 invisis
1064 1658 1098 1701 ac
1113 1641 1239 1717 lustras,
1253 1659 1289 1701 ea
1302 1636 1369 1721 pie-

224 1737 295 1799 tatis
308 1740 445 1819 exempla
459 1739 596 1801 omniurn
611 1740 705 1801 oeulis
724 1740 845 1801 exhibes
856 1786 864 1817 ,
874 1749 908 1802 ut
922 1741 1033 1802 mirum
1053 1738 1084 1799 in
1098 1738 1224 1800 modum
1240 1737 1368 1818 pristino

222 1844 326 1900 nostra
338 1837 377 1900 de
390 1838 566 1915 virtutibus,
582 1857 618 1900 ac
631 1839 719 1918 regiis
730 1838 869 1901 laudibus
882 1839 942 1900 tuis
956 1838 1099 1901 roborata
1108 1837 1161 1913 sit,
1176 1843 1265 1917 atque
1277 1837 1370 1898 etiam

222 1940 312 1996 aucta
325 1934 516 1995 existimatio.
534 1937 604 1997 darn
621 1936 672 1997 diu
690 1939 771 1998 enirn
782 1937 910 2000 dillusus
926 1937 1037 2018 ubique
1053 1944 1175 1998 tuorum
1190 1934 1370 1996 meritorum
1451 1972 1453 1977 .

222 2030 364 2111 splendor
379 2031 417 2092 ad
429 2033 489 2093 Nos
502 2040 696 2113 pervenerat,
712 2035 852 2115 famaque
864 2035 929 2116 ipsa
941 2034 1034 2096 Nobis
1054 2032 1215 2109 afferebat,
1236 2051 1303 2112 quar
1318 2040 1372 2093 tua

222 2130 354 2208 consilii,
377 2149 413 2191 ac
431 2132 640 2212 sapientioris
662 2143 756 2212 esset,
778 2143 809 2196 et
822 2143 927 2216 preter
940 2133 1059 2215 egregia
1082 2134 1251 2195 litterarum
1276 2151 1371 2194 orna·

222 2233 425 2308 menta,quas
434 2228 583 2308 etoptime
591 2230 684 2307 nosti,
696 2239 727 2293 et
735 2232 903 2312 patrocinio
915 2231 1048 2312 dignaris
1059 2237 1128 2307 tuo,
1140 2236 1289 2309 quantum
1297 2247 1371 2309 pre

221 2325 326 2386 sertim
339 2326 489 2406 religioni,
503 2326 669 2408 pietatique
686 2328 795 2405 studii,
810 2336 842 2390 et
857 2336 1005 2409 quantum
1016 2328 1120 2404 Nobis,
1135 2333 1225 2407 atque
1235 2326 1371 2406 Aposto-

222 2423 283 2484 lica
297 2423 368 2486 huic
379 2424 449 2486 Sodi
458 2423 641 2501 devotionis,
659 2426 899 2488 acobservantie
912 2425 1053 2487 deterres.
1070 2427 1113 2485 Ex
1136 2442 1196 2504 quo
1213 2428 1368 2503 antecepto

222 2520 259 2581 de
277 2527 306 2582 tc
322 2520 437 2599 judicio
457 2529 576 2599 nostro,
590 2529 771 2603 tuarumque
787 2524 933 2585 virtutum
947 2522 1105 2604 presentia
1119 2519 1299 2582 confirmato
1321 2519 1352 2580 in

224 2618 356 2697 telligere
371 2620 458 2683 facile
470 2613 571 2701 potes,
584 2620 780 2683 dilectissima
801 2621 831 2682 in
842 2621 959 2684 Christo
968 2621 1031 2682 filia
1041 2627 1162 2697 nostra,
1175 2636 1237 2699 qua
1250 2624 1280 2680 te
1290 2635 1371 2679 nunc
1456 2685 1459 2690 ,

223 2716 261 2777 ad
276 2719 337 2780 Nos
350 2719 559 2781 advenientem
576 2718 761 2800 excipiamus
785 2718 958 2794 voluntate,
981 2735 1133 2798 quamque
1150 2715 1270 2792 omnia,
1285 2733 1371 2795 que-

222 2832 351 2895 cumque
364 2816 514 2896 proticisci
535 2817 656 2878 aNobis
673 2823 819 2897 possunt,
838 2823 969 2897 paterna
983 2815 1141 2895 singulans
1152 2812 1287 2874 cantatis
1299 2811 1371 2873 otti-

221 2910 270 2970 cia
284 2910 425 2971 exhibere
445 2912 516 2988 tibi,
533 2920 564 2973 et
585 2913 740 2973 cumulare
760 2912 928 2993 cupiamus.
947 2912 980 2972 ld
995 2912 1130 2991 prolecto
1144 2912 1226 2973 nullo
1246 2910 1369 2990 potiori,

221 3006 335 3085 tibique
346 3005 518 3082 jucundiori
529 3006 641 3069 indicio
653 3007 852 3088 comprobare
861 3027 1038 3087 possumus,
1053 3027 1146 3089 quarn
1158 3007 1239 3087 quod
1254 3006 1293 3067 ab
1305 3006 1370 3087 ipsa

222 3103 365 3184 religione
373 3103 500 3185 petitum
517 3105 572 3181 sit,
586 3103 665 3165 unde
681 3123 753 3166 sane
773 3105 940 3167 maximum
962 3113 1053 3186 queat
1070 3106 1141 3166 huic
1155 3101 1249 3166 ¹animi
1274 3105 1372 3165 nostri

222 3200 429 3280 significationi
442 3199 561 3281 pondus
576 3200 709 3280 adjungi.
726 3201 811 3262 Habe
822 3201 924 3282 itaque
934 3220 952 3264 a
963 3202 1055 3264 Nobis
1069 3218 1189 3264 sacrum
1200 3200 1259 3263 hoc
1274 3219 1371 3263 auree

223 3297 330 3359 Christi
353 3296 487 3358 crucifixi
504 3296 642 3376 imaginis
664 3298 897 3375 munusculum,
920 3299 1003 3380 quod
1020 3306 1055 3361 ut
1073 3297 1217 3360 alacriore
1239 3296 1370 3391 excipias

224 3395 341 3472 animo,
354 3395 451 3456 multo
463 3392 543 3456 idem
558 3394 718 3475 pretiosius
734 3396 900 3477 apostolica
915 3403 1018 3458 nostra
1029 3395 1237 3459 benedictione
1246 3382 1371 3456 reddere

222 3493 382 3555 voluimus.
399 3494 498 3573 Atque
510 3498 544 3554 ut
560 3493 659 3574 ipsum
680 3493 779 3555 adhuc
792 3493 847 3555 tibi
861 3495 975 3574 gratius
994 3493 1131 3570 accidat,
1152 3491 1237 3555 acad
1250 3492 1370 3573 pietatis

223 3609 311 3651 usum
323 3591 487 3671 acceptius,
500 3590 612 3670 apertis
623 3591 793 3652 commissis
809 3590 903 3653 Nobis
915 3591 1054 3653 Ecclesiae
1061 3590 1210 3652 thesauris
1217 3635 1226 3666 ,
1241 3588 1371 3668 quoties·

224 3703 352 3767 cumque
365 3685 502 3748 confessa
519 3704 554 3746 ac
566 3704 652 3747 sacra
661 3685 874 3749 communione
886 3685 1009 3764 relecta,
1026 3689 1181 3767 Deumque
1194 3701 1298 3747 coram
1311 3683 1368 3745 hac

222 3781 287 3861 ipsa
297 3783 430 3845 crucifixi
442 3783 540 3863 effigie
551 3783 608 3845 rite
621 3781 782 3864 deprecata
793 3785 894 3861 tueris,
902 3784 990 3846 toties
1003 3791 1036 3845 ut
1048 3785 1218 3866 plenariam
1229 3792 1368 3865 peccato

221 3897 289 3940 rum
299 3880 513 3960 indulgentiam
527 3880 635 3942 lucrari
646 3881 752 3962 possis,
764 3881 928 3962 apostolica
937 3880 1116 3945 auctoritate
1126 3881 1320 3945 concedimus
1335 3901 1370 3944 ac

221 3975 421 4058 impertimur.
438 3980 504 4039 Hoc
516 3977 661 4058 religiosae
679 3997 750 4058 erga
770 3986 799 4039 te
816 3978 961 4058 largitatis
979 3997 1074 4058 genus
1093 3979 1173 4041 ultro
1192 3979 1368 4058 delegimus,

221 4074 448 4138 dilectissimain
458 4076 576 4137 Christo
587 4076 650 4138 filia
663 4084 778 4154 nostra,
786 4084 840 4138 tua
851 4075 992 4156 singulari
1000 4075 1214 4158 pietatislaude
1225 4075 1366 4154 permoti,

221 4190 347 4253 eamque
367 4191 427 4233 non
452 4174 551 4235 solum
573 4175 678 4236 utilem
700 4175 754 4236 tibi
767 4221 775 4251 ,
790 4172 842 4235 scd
864 4173 956 4235 Nobis
982 4174 1076 4234 etiam
1102 4171 1286 4232 fructuosam
1305 4167 1368 4231 lore

222 4269 416 4344 confidimus,
430 4286 499 4330 cum
516 4270 785 4351 inprecationibus
805 4269 843 4331 ad
857 4272 953 4333 Deum
971 4270 1047 4344 tuis,
1061 4268 1170 4345 quibus
1183 4270 1292 4326 sancte
1310 4267 1369 4327 Ec·

221 4366 316 4426 clesiae
331 4365 463 4425 rationes
486 4366 542 4447 ipsi
564 4367 840 4444 commendaveris,
858 4366 951 4429 nostri
974 4366 1081 4440 etiam,
1106 4363 1216 4444 quibus
1231 4363 1367 4442 ejusdem

223 4460 361 4540 regendae
373 4461 584 4541 gravissimum
594 4463 768 4544 impositum
777 4469 823 4524 est
836 4480 946 4524 munus
957 4505 964 4536 ,
976 4460 1088 4540 quippe
1100 4478 1155 4540 pro
1165 4459 1367 4523 imbecillitate

1227 4573 1260 4624 15
