3194 5354
333 497 381 546 tm
754 488 956 543 CLEMENTlS
976 488 1039 541 xlv

328 593 549 676 sapientissimo
563 591 779 674 predecessore
793 599 895 654 nostro
906 598 1047 672 expertus
1060 596 1117 669 est,
1130 591 1345 654 benevolentia
1355 592 1478 656 inactus

327 695 499 758 desiderare
512 692 617 774 possit.
632 690 727 753 Valde
740 690 822 753 enim
843 690 981 769 cupimus
994 688 1031 750 iis
1045 687 1209 769 pmsertIm
1224 687 1400 753 satisfacere
1415 709 1477 773 op-

329 790 525 867 tatisrestris,
538 788 649 869 quibus
669 793 703 849 ut
719 786 756 848 od
771 786 864 848 divini
878 786 976 847 cultus
997 785 1234 862 incrementum,
1249 791 1282 847 et
1302 785 1477 850 domestice

329 887 446 948 virtutis
455 885 652 949 imitationem
666 885 888 964 congregationi
902 890 1005 944 vestrm
1016 883 1181 963 plurimum
1191 884 1361 945 ornamenti
1375 878 1413 947 a⁸c
1425 885 1478 948 de

329 983 408 1046 coris
419 982 553 1060 accedat,
570 982 619 1062 pie
633 981 809 1062 egregioque
821 978 1010 1043 contenditis.
1029 979 1117 1041 Acin
1135 979 1225 1057 hujus
1243 979 1407 1060 pontificia
1419 1001 1478 1045 vo-

329 1075 452 1139 luntatis
466 1075 575 1157 pignus
588 1075 785 1155 apostolicam
807 1074 1047 1136 lrenedictionem
1059 1074 1131 1151 tibi,
1145 1073 1256 1136 dilecte
1276 1074 1334 1152 fili,
1353 1077 1478 1140 unirer—

330 1191 426 1253 saeqne
449 1170 673 1252 congregationi
693 1179 751 1233 true
771 1178 962 1251 peramanter
986 1171 1185 1252 impertimur.
1209 1173 1322 1234 Mum
1341 1177 1375 1232 in
1399 1175 1478 1234 Aroe

332 1269 506 1348 Gundnlpba‘
527 1269 710 1330 albanensis
726 1268 875 1337 decens,
888 1273 967 1338 etc,
987 1269 1037 1328 die
1055 1279 1089 1330 tu
1110 1269 1237 1330 octotrn
1254 1279 1341 1344 177⁰,
1353 1273 1478 1351 pontifi·

332 1375 417 1428 cutus
430 1370 523 1427 nostri
532 1384 611 1426 anno
628 1366 769 1426 seeundo.

812 1480 993 1490 ..-..--—-—-

849 1594 958 1664 CVlll.

776 1758 920 1800 nruscrrs
942 1758 1037 1799 rrurrs

401 1808 1108 1926 socrulalrs⁹80u130nrcmTfluocouls
1130 1862 1177 1923 ΕΤ
1199 1863 1422 1923 MAGlSTRIS·

641 1994 874 2073 CLEMENS
901 1995 1030 2071 PAPA
1056 1993 1162 2070 XIV.

888 2147 915 2195 ιιι
930 2141 1151 2205 mundanus,
1165 2145 1191 2191 n
1202 2141 1307 2191 oenum
1320 2145 1390 2192 raro.

375 2256 500 2324 Dilecta,
516 2263 572 2314 etc.
598 2256 640 2313 De
660 2252 800 2331 singulari
820 2259 918 2314 vestra
937 2251 966 2312 in
991 2252 1052 2312 Nos
1069 2251 1181 2331 pietate
1195 2265 1373 2329 persuasum
1387 2247 1483 2310 Nobis

335 2360 514 2428 anteeant,
532 2369 646 2432 vosque
660 2357 817 2432 perspecta
830 2349 949 2430 egregia
960 2350 990 2411 in
1004 2347 1184 2410 catholicam
1205 2345 1380 2425 religionem
1401 2343 1480 2420 flde,

335 2459 366 2512 et
380 2451 409 2511 in
425 2448 632 2530 apostolicam
650 2447 759 2510 Sodem
773 2448 963 2510 observantia
979 2465 1035 2528 pro
1049 2453 1131 2509 certo
1152 2445 1339 2510 habebamus
1359 2463 1480 2508 summo

337 2545 436 2605 studio
450 2546 543 2608 Nobis
556 2564 620 2606 esse
633 2545 786 2607 devinctos
801 2568 807 2604 :
828 2552 930 2607 tamen
943 2544 1084 2625 idipsum
1097 2563 1115 2605 e
1126 2544 1248 2623 litteris,
1267 2551 1358 2625 atque
1371 2563 1389 2606 e
1406 2562 1482 2625 pos-

338 2641 533 2704 tulationibus
546 2642 652 2704 vestris
661 2687 670 2718 ,
685 2661 760 2722 quas
782 2641 974 2704 addictissimi
992 2641 1085 2704 Nobis
1102 2641 1192 2703 animi
1215 2641 1483 2721 significationibus

338 2741 725 2823 conjungitis,lucnlentins
734 2740 939 2820 cognovimus.
951 2742 1053 2821 ltaque
1062 2746 1093 2801 et
1106 2739 1201 2802 multa
1213 2757 1284 2801 cum
1291 2738 1482 2818 jucunditate
1509 2814 1514 2825 ,

338 2842 461 2904 eusdem
486 2841 672 2922 excepimus,
693 2848 723 2902 et
746 2838 939 2901 libentissime
954 2839 1142 2920 adducimur,
1158 2848 1192 2904 ut
1211 2840 1356 2902 voluntati
1380 2846 1484 2902 vestrae

338 2939 574 3018 satisfaciamus,
587 2937 750 3021 prasertim
763 2957 834 3000 cum
848 2956 908 2999 una
922 2938 1014 3000 Nobis
1028 2939 1116 3019 ipsis,
1129 2945 1295 3020 nostreque
1313 2938 1344 3000 irr
1356 2939 1420 3001 Vos
1431 2937 1484 2999 be-

338 3039 511 3104 nevolentia
531 3037 617 3100 robis
639 3037 766 3099 invicem
782 3036 967 3099 declarandae
984 3036 1131 3100 desiderio
1152 3039 1364 3118 obsequamur.
1386 3040 1484 3114 Quare

338 3137 452 3215 quoda
471 3136 564 3197 Nobis
584 3135 740 3214 diligenter
755 3134 909 3215 expetitis,
922 3134 1063 3216 qnodque
1083 3141 1180 3198 vestro
1193 3136 1286 3198 etiam
1297 3135 1419 3199 nomine
1432 3136 1485 3198 di-

339 3233 434 3292 lectus
447 3231 527 3292 lilius
544 3239 646 3293 noster
662 3230 836 3292 loacbimus
849 3230 937 3292 titulo
951 3230 1052 3292 Sancti
1071 3230 1203 3293 Silvestri
1218 3231 1360 3313 incapite
1372 3236 1484 3293 sancta

339 3328 480 3386 Romane
490 3326 628 3387 Ecclesia
638 3326 793 3406 presbyter
806 3326 966 3388 cardinalis
976 3326 1015 3388 de
1029 3327 1133 3390 Bernis
1141 3328 1304 3408 postulavit
1311 3374 1320 3407 ,
1332 3333 1366 3390 ut
1375 3326 1486 3408 depic-

341 3426 404 3480 tam
422 3421 461 3481 ad
477 3422 539 3481 Vos
556 3420 686 3500 effigiem
705 3428 840 3483 nostram
853 3423 1057 3500 mitteremus,
1072 3423 1210 3487 eamdem
1231 3423 1377 3487 accurate
1390 3422 1482 3486 ellor-

341 3520 434 3597 mari,
451 3527 542 3602 atque
566 3519 655 3581 isthic
673 3520 833 3581 nansmitti
858 3519 1077 3583 mandavimus.
1101 3521 1178 3595 Quid
1203 3521 1285 3583 enim
1306 3521 1400 3583 Nobis
1420 3536 1485 3583 esse

339 3619 453 3698 gratius
476 3623 591 3699 potest,
612 3635 704 3697 quam
726 3634 802 3696 quos
824 3616 855 3678 in
875 3617 1028 3697 religionis
1048 3617 1217 3697 integritate
1235 3618 1354 3680 navimr
1373 3616 1485 3680 tuende

339 3717 432 3779 Nobis
448 3715 710 3796 conjunctissimos
722 3733 788 3776 esse
807 3713 935 3792 scimus,
951 3733 1086 3796 quosque
1098 3734 1153 3796 pro
1173 3714 1255 3776 filiali
1269 3714 1300 3777 in
1313 3715 1376 3777 Nos
1391 3712 1487 3776 devo-

340 3813 422 3874 tione
439 3813 569 3893 plurima
589 3813 713 3875 caritate
734 3812 955 3893 prosequimur,
975 3830 1046 3875 oum
1067 3812 1172 3873 iisdem
1186 3830 1247 3874 una
1259 3809 1488 3892 quodammodo

340 3912 468 3985 versari,
482 3927 588 3970 eorum
602 3909 697 3987 curis,
714 3927 749 3970 ae
760 3909 1041 3986 exercitationibus,
1059 3928 1116 3989 pro
1130 3908 1255 3971 veritate
1278 3926 1314 3970 ac
1327 3907 1489 3970 sanctitate

340 4005 485 4069 doctrina
500 4005 646 4085 susceptis
657 4005 799 4067 interesse
814 4014 903 4086 atque
915 4006 1062 4082 assidere,
1077 4013 1108 4066 et
1128 4007 1264 4067 locorum
1283 4003 1490 4084 longinquita-

341 4111 418 4180 tem,
430 4111 465 4165 ut
477 4101 569 4164 animi
583 4102 807 4179 conjunctione,
822 4102 864 4163 ita
878 4103 977 4163 vultus
993 4101 1203 4179 similitudine,
1219 4108 1309 4182 atque
1318 4099 1380 4161 oris
1400 4101 1490 4179 quasi

340 4200 495 4277 presentia
505 4197 691 4278 corrigereet
699 4215 904 4279 compensare.
917 4199 1039 4260 Utinam
1051 4199 1082 4260 in
1091 4199 1222 4261 externis
1230 4198 1291 4261 oris
1299 4196 1491 4258 lineamentis

343 4294 374 4353 in
388 4295 446 4355 tela
459 4295 659 4377 exprimendis
673 4295 795 4356 intimos
807 4294 899 4354 etiam
913 4297 1021 4356 mentis
1034 4297 1159 4359 allectus
1169 4297 1348 4359 adumbrare
1359 4295 1492 4357 artifices

299 4435 301 4438 a
342 4397 462 4466 possent
468 4414 477 4466 3
497 4399 569 4454 tunc
586 4411 657 4454 sane
671 4390 907 4466 confideremus,
921 4391 1000 4464 iore,
1022 4402 1055 4453 ut
1069 4394 1104 4454 iis
1125 4394 1277 4472 sensibus,
1292 4392 1402 4474 quibus
1423 4392 1493 4454 ani·

344 4483 418 4549 rurali
434 4503 504 4564 erga
516 4506 686 4550 ros'sumus
695 4534 703 4566 ,
718 4486 835 4548 abunde
847 4489 977 4550 contenti
995 4509 1047 4549 ros
1060 4490 1134 4552 sitis.
1158 4491 1255 4552 Facile
1269 4490 1350 4552 onim
1365 4507 1493 4568 cognos-
