<?xml version="1.0" encoding="UTF-8"?>
<!DOCTYPE html PUBLIC "-//W3C//DTD XHTML 1.0 Transitional//EN"
    "http://www.w3.org/TR/xhtml1/DTD/xhtml1-transitional.dtd">
<html xmlns="http://www.w3.org/1999/xhtml" xml:lang="en" lang="en">
 <head>
  <title>
</title>
<meta http-equiv="Content-Type" content="text/html;charset=utf-8" />
  <meta name='ocr-system' content='tesseract 3.04.00' />
  <meta name='ocr-capabilities' content='ocr_page ocr_carea ocr_par ocr_line ocrx_word'/>
</head>
<body>
  <div class='ocr_page' id='page_1' title='image "./clementisxivpon01clemgoog_0159.png"; bbox 0 0 3194 5354; ppageno 0'>
   <div class='ocr_carea' id='block_1_1' title="bbox 200 466 913 526">
    <p class='ocr_par' dir='ltr' id='par_1_1' title="bbox 200 466 913 526">
     <span class='ocr_line' id='line_1_1' title="bbox 200 466 913 526; baseline -0.013 -1"><span class='ocrx_word' id='word_1_1' title='bbox 200 475 250 526; x_wconf 77' lang='lat' dir='ltr'>tu</span> <span class='ocrx_word' id='word_1_2' title='bbox 627 466 830 519; x_wconf 67' lang='lat' dir='ltr'>causandus</span> <span class='ocrx_word' id='word_1_3' title='bbox 849 466 913 519; x_wconf 82' lang='lat' dir='ltr'>Xll&#39;</span> 
     </span>
    </p>
   </div>
   <div class='ocr_carea' id='block_1_2' title="bbox 198 567 1393 2503">
    <p class='ocr_par' dir='ltr' id='par_1_2' title="bbox 198 567 1393 2503">
     <span class='ocr_line' id='line_1_2' title="bbox 198 567 1359 651; baseline -0.005 -15"><span class='ocrx_word' id='word_1_4' title='bbox 198 596 234 636; x_wconf 87' lang='lat' dir='ltr'>ex</span> <span class='ocrx_word' id='word_1_5' title='bbox 246 573 412 635; x_wconf 88' lang='lat' dir='ltr'>domestica</span> <span class='ocrx_word' id='word_1_6' title='bbox 425 571 597 651; x_wconf 73' lang='lat' dir='ltr'>disciplina,</span> <span class='ocrx_word' id='word_1_7' title='bbox 610 588 645 630; x_wconf 90' lang='lat' dir='ltr'>ao</span> <span class='ocrx_word' id='word_1_8' title='bbox 659 588 783 631; x_wconf 91' lang='lat' dir='ltr'>suorum</span> <span class='ocrx_word' id='word_1_9' title='bbox 792 569 937 651; x_wconf 76' lang='lat' dir='ltr'>exemplis</span> <span class='ocrx_word' id='word_1_10' title='bbox 949 569 1132 649; x_wconf 89' lang='lat' dir='ltr'>compositos</span> <span class='ocrx_word' id='word_1_11' title='bbox 1147 567 1359 630; x_wconf 84' lang='lat' dir='ltr'>intueremur.&#39;</span> 
     </span>
     <span class='ocr_line' id='line_1_3' title="bbox 199 665 1353 748; baseline -0.003 -16"><span class='ocrx_word' id='word_1_12' title='bbox 199 671 246 732; x_wconf 78' lang='lat' dir='ltr'>nd</span> <span class='ocrx_word' id='word_1_13' title='bbox 259 671 337 730; x_wconf 90' lang='lat' dir='ltr'>banc</span> <span class='ocrx_word' id='word_1_14' title='bbox 353 669 474 728; x_wconf 75' lang='lat' dir='ltr'>firmam</span> <span class='ocrx_word' id='word_1_15' title='bbox 493 685 577 748; x_wconf 91' lang='lat' dir='ltr'>spem</span> <span class='ocrx_word' id='word_1_16' title='bbox 592 673 742 742; x_wconf 88' lang='lat' dir='ltr'>nostram,</span> <span class='ocrx_word' id='word_1_17' title='bbox 763 667 887 745; x_wconf 81' lang='lat' dir='ltr'>Regiam</span> <span class='ocrx_word' id='word_1_18' title='bbox 909 666 1022 726; x_wconf 88' lang='lat' dir='ltr'>scilicet</span> <span class='ocrx_word' id='word_1_19' title='bbox 1043 665 1176 746; x_wconf 83' lang='lat' dir='ltr'><strong>puellam</strong></span> <span class='ocrx_word' id='word_1_20' title='bbox 1195 672 1353 728; x_wconf 87' lang='lat' dir='ltr'>terrenam</span> 
     </span>
     <span class='ocr_line' id='line_1_4' title="bbox 201 761 1351 844; baseline -0.004 -15"><span class='ocrx_word' id='word_1_21' title='bbox 201 770 278 829; x_wconf 89' lang='lat' dir='ltr'>banc</span> <span class='ocrx_word' id='word_1_22' title='bbox 290 764 488 844; x_wconf 77' lang='lat' dir='ltr'>fragilemque</span> <span class='ocrx_word' id='word_1_23' title='bbox 500 764 595 824; x_wconf 78' lang='lat' dir='ltr'>vitam</span> <span class='ocrx_word' id='word_1_24' title='bbox 606 782 676 825; x_wconf 88' lang='lat' dir='ltr'>cum</span> <span class='ocrx_word' id='word_1_25' title='bbox 687 764 811 824; x_wconf 71' lang='lat' dir='ltr'>celestis</span> <span class='ocrx_word' id='word_1_26' title='bbox 824 763 924 843; x_wconf 77' lang='lat' dir='ltr'>gloria</span> <span class='ocrx_word' id='word_1_27' title='bbox 942 761 1104 822; x_wconf 75' lang='lat' dir='ltr'>stabilitate</span> <span class='ocrx_word' id='word_1_28' title='bbox 1123 766 1351 838; x_wconf 76' lang='lat' dir='ltr'>commutasse,</span> 
     </span>
     <span class='ocr_line' id='line_1_5' title="bbox 201 858 1354 935; baseline -0.003 -10"><span class='ocrx_word' id='word_1_29' title='bbox 201 863 325 926; x_wconf 75' lang='lat' dir='ltr'>accedat</span> <span class='ocrx_word' id='word_1_30' title='bbox 338 863 431 924; x_wconf 89' lang='lat' dir='ltr'>etiam</span> <span class='ocrx_word' id='word_1_31' title='bbox 444 861 572 923; x_wconf 83' lang='lat' dir='ltr'>mirifica</span> <span class='ocrx_word' id='word_1_32' title='bbox 585 861 635 922; x_wconf 87' lang='lat' dir='ltr'>illa</span> <span class='ocrx_word' id='word_1_33' title='bbox 647 881 683 922; x_wconf 81' lang='lat' dir='ltr'>ex</span> <span class='ocrx_word' id='word_1_34' title='bbox 697 862 798 922; x_wconf 87' lang='lat' dir='ltr'>divina</span> <span class='ocrx_word' id='word_1_35' title='bbox 812 861 871 922; x_wconf 90' lang='lat' dir='ltr'>lide</span> <span class='ocrx_word' id='word_1_36' title='bbox 883 860 993 922; x_wconf 85' lang='lat' dir='ltr'>bansta</span> <span class='ocrx_word' id='word_1_37' title='bbox 1006 859 1189 935; x_wconf 90' lang='lat' dir='ltr'>consolatio,</span> <span class='ocrx_word' id='word_1_38' title='bbox 1209 864 1245 920; x_wconf 86' lang='lat' dir='ltr'>ut</span> <span class='ocrx_word' id='word_1_39' title='bbox 1256 858 1354 921; x_wconf 90' lang='lat' dir='ltr'>nimi-</span> 
     </span>
     <span class='ocr_line' id='line_1_6' title="bbox 201 955 1354 1018; baseline 0.001 -1"><span class='ocrx_word' id='word_1_40' title='bbox 201 975 269 1017; x_wconf 90' lang='lat' dir='ltr'>rum</span> <span class='ocrx_word' id='word_1_41' title='bbox 280 957 466 1017; x_wconf 86' lang='lat' dir='ltr'>voluntatem</span> <span class='ocrx_word' id='word_1_42' title='bbox 477 961 612 1016; x_wconf 87' lang='lat' dir='ltr'>nostram</span> <span class='ocrx_word' id='word_1_43' title='bbox 624 955 663 1015; x_wconf 90' lang='lat' dir='ltr'>ad</span> <span class='ocrx_word' id='word_1_44' title='bbox 674 956 793 1017; x_wconf 89' lang='lat' dir='ltr'>Domini</span> <span class='ocrx_word' id='word_1_45' title='bbox 805 957 990 1018; x_wconf 86' lang='lat' dir='ltr'>voluntatem</span> <span class='ocrx_word' id='word_1_46' title='bbox 1000 955 1103 1016; x_wconf 86' lang='lat' dir='ltr'>omnia</span> <span class='ocrx_word' id='word_1_47' title='bbox 1116 955 1148 1014; x_wconf 91' lang='lat' dir='ltr'>iu</span> <span class='ocrx_word' id='word_1_48' title='bbox 1159 955 1276 1016; x_wconf 87' lang='lat' dir='ltr'>bonum</span> <span class='ocrx_word' id='word_1_49' title='bbox 1285 956 1354 1018; x_wconf 85' lang='lat' dir='ltr'>dis·</span> 
     </span>
     <span class='ocr_line' id='line_1_7' title="bbox 202 1049 1350 1133; baseline -0.002 -19"><span class='ocrx_word' id='word_1_50' title='bbox 202 1053 361 1133; x_wconf 86' lang='lat' dir='ltr'>ponentis,</span> <span class='ocrx_word' id='word_1_51' title='bbox 374 1050 593 1132; x_wconf 86' lang='lat' dir='ltr'>arbitriumque</span> <span class='ocrx_word' id='word_1_52' title='bbox 610 1051 843 1113; x_wconf 80' lang='lat' dir='ltr'>conformemus.</span> <span class='ocrx_word' id='word_1_53' title='bbox 860 1052 893 1112; x_wconf 92' lang='lat' dir='ltr'>ld</span> <span class='ocrx_word' id='word_1_54' title='bbox 905 1058 1014 1113; x_wconf 80' lang='lat' dir='ltr'>nostre</span> <span class='ocrx_word' id='word_1_55' title='bbox 1025 1049 1179 1130; x_wconf 82' lang='lat' dir='ltr'>religionis</span> <span class='ocrx_word' id='word_1_56' title='bbox 1199 1051 1350 1124; x_wconf 82' lang='lat' dir='ltr'>rationes,</span> 
     </span>
     <span class='ocr_line' id='line_1_8' title="bbox 203 1149 1393 1235; baseline 0.002 -20"><span class='ocrx_word' id='word_1_57' title='bbox 203 1155 234 1216; x_wconf 92' lang='lat' dir='ltr'>id</span> <span class='ocrx_word' id='word_1_58' title='bbox 244 1155 342 1235; x_wconf 86' lang='lat' dir='ltr'>ipsam</span> <span class='ocrx_word' id='word_1_59' title='bbox 350 1154 527 1233; x_wconf 87' lang='lat' dir='ltr'>etiam,qua</span> <span class='ocrx_word' id='word_1_60' title='bbox 537 1152 635 1213; x_wconf 88' lang='lat' dir='ltr'>orbati</span> <span class='ocrx_word' id='word_1_61' title='bbox 646 1169 761 1228; x_wconf 89' lang='lat' dir='ltr'>sumus,</span> <span class='ocrx_word' id='word_1_62' title='bbox 771 1151 865 1213; x_wconf 85' lang='lat' dir='ltr'>liliam</span> <span class='ocrx_word' id='word_1_63' title='bbox 874 1158 1029 1232; x_wconf 83' lang='lat' dir='ltr'>tunquam</span> <span class='ocrx_word' id='word_1_64' title='bbox 1039 1149 1232 1211; x_wconf 86' lang='lat' dir='ltr'>utilissimum</span> <span class='ocrx_word' id='word_1_65' title='bbox 1243 1149 1353 1212; x_wconf 67' lang='lat' dir='ltr'>anime</span> <span class='ocrx_word' id='word_1_66' title='bbox 1390 1211 1393 1217; x_wconf 88' lang='lat'>.</span> 
     </span>
     <span class='ocr_line' id='line_1_9' title="bbox 204 1247 1353 1332; baseline -0.003 -21"><span class='ocrx_word' id='word_1_67' title='bbox 204 1270 281 1327; x_wconf 78' lang='lat' dir='ltr'>suae,</span> <span class='ocrx_word' id='word_1_68' title='bbox 302 1270 338 1313; x_wconf 89' lang='lat' dir='ltr'>ac</span> <span class='ocrx_word' id='word_1_69' title='bbox 360 1251 562 1312; x_wconf 89' lang='lat' dir='ltr'>certissimum</span> <span class='ocrx_word' id='word_1_70' title='bbox 581 1259 689 1311; x_wconf 77' lang='lat' dir='ltr'>nostre</span> <span class='ocrx_word' id='word_1_71' title='bbox 708 1250 739 1310; x_wconf 91' lang='lat' dir='ltr'>in</span> <span class='ocrx_word' id='word_1_72' title='bbox 760 1267 828 1311; x_wconf 89' lang='lat' dir='ltr'>eam</span> <span class='ocrx_word' id='word_1_73' title='bbox 850 1248 970 1332; x_wconf 87' lang='lat' dir='ltr'>pietatis</span> <span class='ocrx_word' id='word_1_74' title='bbox 991 1255 1202 1328; x_wconf 76' lang='lat' dir='ltr'>argumentum</span> <span class='ocrx_word' id='word_1_75' title='bbox 1220 1264 1238 1308; x_wconf 87' lang='lat' dir='ltr'>a</span> <span class='ocrx_word' id='word_1_76' title='bbox 1256 1247 1353 1308; x_wconf 86' lang='lat' dir='ltr'>Nobis</span> 
     </span>
     <span class='ocr_line' id='line_1_10' title="bbox 204 1342 1353 1429; baseline -0.004 -21"><span class='ocrx_word' id='word_1_77' title='bbox 204 1367 365 1429; x_wconf 78' lang='lat' dir='ltr'>exposcere</span> <span class='ocrx_word' id='word_1_78' title='bbox 380 1349 597 1410; x_wconf 82' lang='lat' dir='ltr'>existimemus.</span> <span class='ocrx_word' id='word_1_79' title='bbox 610 1348 710 1409; x_wconf 85' lang='lat' dir='ltr'>Habes</span> <span class='ocrx_word' id='word_1_80' title='bbox 720 1366 811 1428; x_wconf 92' lang='lat' dir='ltr'>porro</span> <span class='ocrx_word' id='word_1_81' title='bbox 822 1347 887 1428; x_wconf 91' lang='lat' dir='ltr'>ipse</span> <span class='ocrx_word' id='word_1_82' title='bbox 899 1346 973 1407; x_wconf 90' lang='lat' dir='ltr'>alios</span> <span class='ocrx_word' id='word_1_83' title='bbox 983 1392 990 1423; x_wconf 95' lang='lat'>,</span> <span class='ocrx_word' id='word_1_84' title='bbox 1002 1345 1112 1426; x_wconf 89' lang='lat' dir='ltr'>quibus</span> <span class='ocrx_word' id='word_1_85' title='bbox 1123 1344 1212 1406; x_wconf 89' lang='lat' dir='ltr'>solari</span> <span class='ocrx_word' id='word_1_86' title='bbox 1226 1342 1353 1404; x_wconf 85' lang='lat' dir='ltr'>deside-</span> 
     </span>
     <span class='ocr_line' id='line_1_11' title="bbox 205 1443 1353 1527; baseline -0.004 -20"><span class='ocrx_word' id='word_1_87' title='bbox 205 1447 284 1508; x_wconf 88' lang='lat' dir='ltr'>rium</span> <span class='ocrx_word' id='word_1_88' title='bbox 298 1447 378 1509; x_wconf 91' lang='lat' dir='ltr'>illius</span> <span class='ocrx_word' id='word_1_89' title='bbox 392 1454 494 1527; x_wconf 86' lang='lat' dir='ltr'>potes,</span> <span class='ocrx_word' id='word_1_90' title='bbox 509 1446 632 1507; x_wconf 85' lang='lat' dir='ltr'>Liberos</span> <span class='ocrx_word' id='word_1_91' title='bbox 643 1463 679 1506; x_wconf 87' lang='lat' dir='ltr'>ac</span> <span class='ocrx_word' id='word_1_92' title='bbox 689 1445 881 1507; x_wconf 74' lang='lat' dir='ltr'>santissimos</span> <span class='ocrx_word' id='word_1_93' title='bbox 891 1446 1021 1524; x_wconf 87' lang='lat' dir='ltr'>Nepotes</span> <span class='ocrx_word' id='word_1_94' title='bbox 1032 1451 1120 1519; x_wconf 86' lang='lat' dir='ltr'>tuos,</span> <span class='ocrx_word' id='word_1_95' title='bbox 1133 1443 1164 1503; x_wconf 94' lang='lat' dir='ltr'>in</span> <span class='ocrx_word' id='word_1_96' title='bbox 1182 1460 1260 1522; x_wconf 91' lang='lat' dir='ltr'>quos</span> <span class='ocrx_word' id='word_1_97' title='bbox 1273 1459 1353 1503; x_wconf 90' lang='lat' dir='ltr'>cou-</span> 
     </span>
     <span class='ocr_line' id='line_1_12' title="bbox 205 1539 1352 1624; baseline -0.003 -21"><span class='ocrx_word' id='word_1_98' title='bbox 205 1554 322 1608; x_wconf 85' lang='lat' dir='ltr'>vertens</span> <span class='ocrx_word' id='word_1_99' title='bbox 332 1547 466 1607; x_wconf 90' lang='lat' dir='ltr'>animum</span> <span class='ocrx_word' id='word_1_100' title='bbox 473 1588 482 1623; x_wconf 90' lang='lat'>,</span> <span class='ocrx_word' id='word_1_101' title='bbox 490 1554 635 1624; x_wconf 89' lang='lat' dir='ltr'>tuamque</span> <span class='ocrx_word' id='word_1_102' title='bbox 642 1543 765 1622; x_wconf 78' lang='lat' dir='ltr'>Regiam</span> <span class='ocrx_word' id='word_1_103' title='bbox 776 1544 905 1604; x_wconf 88' lang='lat' dir='ltr'>Domum</span> <span class='ocrx_word' id='word_1_104' title='bbox 915 1539 1032 1620; x_wconf 77' lang='lat' dir='ltr'>egregie</span> <span class='ocrx_word' id='word_1_105' title='bbox 1039 1540 1146 1602; x_wconf 77' lang='lat' dir='ltr'>fultam</span> <span class='ocrx_word' id='word_1_106' title='bbox 1156 1557 1192 1600; x_wconf 93' lang='lat' dir='ltr'>ac</span> <span class='ocrx_word' id='word_1_107' title='bbox 1201 1539 1352 1600; x_wconf 86' lang='lat' dir='ltr'>munitam</span> 
     </span>
     <span class='ocr_line' id='line_1_13' title="bbox 205 1637 1353 1723; baseline -0.007 -18"><span class='ocrx_word' id='word_1_108' title='bbox 205 1643 305 1705; x_wconf 86' lang='lat' dir='ltr'>divina</span> <span class='ocrx_word' id='word_1_109' title='bbox 324 1643 509 1722; x_wconf 83' lang='lat' dir='ltr'>benignitate</span> <span class='ocrx_word' id='word_1_110' title='bbox 527 1641 631 1702; x_wconf 86' lang='lat' dir='ltr'>videus</span> <span class='ocrx_word' id='word_1_111' title='bbox 650 1659 774 1723; x_wconf 87' lang='lat' dir='ltr'>prorsus</span> <span class='ocrx_word' id='word_1_112' title='bbox 793 1639 999 1720; x_wconf 76' lang='lat' dir='ltr'>conquiescas.</span> <span class='ocrx_word' id='word_1_113' title='bbox 1023 1638 1067 1698; x_wconf 92' lang='lat' dir='ltr'>llli</span> <span class='ocrx_word' id='word_1_114' title='bbox 1081 1643 1115 1699; x_wconf 92' lang='lat' dir='ltr'>ut</span> <span class='ocrx_word' id='word_1_115' title='bbox 1134 1637 1208 1698; x_wconf 83' lang='lat' dir='ltr'>salvi</span> <span class='ocrx_word' id='word_1_116' title='bbox 1223 1637 1293 1713; x_wconf 88' lang='lat' dir='ltr'>tibi,</span> <span class='ocrx_word' id='word_1_117' title='bbox 1316 1650 1353 1697; x_wconf 88' lang='lat' dir='ltr'>ac</span> 
     </span>
     <span class='ocr_line' id='line_1_14' title="bbox 207 1736 1350 1822; baseline -0.003 -21"><span class='ocrx_word' id='word_1_118' title='bbox 207 1741 332 1822; x_wconf 85' lang='lat' dir='ltr'>sospites</span> <span class='ocrx_word' id='word_1_119' title='bbox 341 1740 477 1818; x_wconf 81' lang='lat' dir='ltr'>vigeant,</span> <span class='ocrx_word' id='word_1_120' title='bbox 489 1746 520 1800; x_wconf 90' lang='lat' dir='ltr'>et</span> <span class='ocrx_word' id='word_1_121' title='bbox 532 1739 569 1800; x_wconf 93' lang='lat' dir='ltr'>ad</span> <span class='ocrx_word' id='word_1_122' title='bbox 578 1756 740 1819; x_wconf 88' lang='lat' dir='ltr'>perennem</span> <span class='ocrx_word' id='word_1_123' title='bbox 751 1737 849 1817; x_wconf 71' lang='lat' dir='ltr'>Regiae</span> <span class='ocrx_word' id='word_1_124' title='bbox 859 1737 1022 1816; x_wconf 74' lang='lat' dir='ltr'>Maiestatis</span> <span class='ocrx_word' id='word_1_125' title='bbox 1034 1739 1107 1798; x_wconf 78' lang='lat' dir='ltr'>Tne</span> <span class='ocrx_word' id='word_1_126' title='bbox 1115 1736 1350 1816; x_wconf 85' lang='lat' dir='ltr'>jucunditatem,</span> 
     </span>
     <span class='ocr_line' id='line_1_15' title="bbox 206 1833 1352 1915; baseline -0.003 -18"><span class='ocrx_word' id='word_1_127' title='bbox 206 1844 237 1897; x_wconf 91' lang='lat' dir='ltr'>et</span> <span class='ocrx_word' id='word_1_128' title='bbox 251 1837 289 1897; x_wconf 91' lang='lat' dir='ltr'>ad</span> <span class='ocrx_word' id='word_1_129' title='bbox 311 1836 510 1897; x_wconf 81' lang='lat' dir='ltr'>certissimum</span> <span class='ocrx_word' id='word_1_130' title='bbox 531 1836 701 1896; x_wconf 79' lang='lat' dir='ltr'>Christiane</span> <span class='ocrx_word' id='word_1_131' title='bbox 714 1835 893 1915; x_wconf 73' lang='lat' dir='ltr'>Reipublicae</span> <span class='ocrx_word' id='word_1_132' title='bbox 915 1833 1083 1914; x_wconf 74' lang='lat' dir='ltr'>presidium</span> <span class='ocrx_word' id='word_1_133' title='bbox 1103 1834 1146 1895; x_wconf 89' lang='lat' dir='ltr'>ita</span> <span class='ocrx_word' id='word_1_134' title='bbox 1164 1835 1315 1914; x_wconf 87' lang='lat' dir='ltr'>cupimus,</span> <span class='ocrx_word' id='word_1_135' title='bbox 1333 1853 1352 1893; x_wconf 89' lang='lat' dir='ltr'>a</span> 
     </span>
     <span class='ocr_line' id='line_1_16' title="bbox 207 1930 1352 2016; baseline -0.007 -18"><span class='ocrx_word' id='word_1_136' title='bbox 207 1939 330 2016; x_wconf 88' lang='lat' dir='ltr'>Deoque</span> <span class='ocrx_word' id='word_1_137' title='bbox 344 1955 514 2016; x_wconf 85' lang='lat' dir='ltr'>precamur,</span> <span class='ocrx_word' id='word_1_138' title='bbox 528 1943 562 1995; x_wconf 91' lang='lat' dir='ltr'>ut</span> <span class='ocrx_word' id='word_1_139' title='bbox 579 1934 652 1996; x_wconf 91' lang='lat' dir='ltr'>illud</span> <span class='ocrx_word' id='word_1_140' title='bbox 667 1933 821 2001; x_wconf 79' lang='lat' dir='ltr'>allinnare,</span> <span class='ocrx_word' id='word_1_141' title='bbox 835 1951 895 1994; x_wconf 90' lang='lat' dir='ltr'>non</span> <span class='ocrx_word' id='word_1_142' title='bbox 914 1933 1101 2008; x_wconf 88' lang='lat' dir='ltr'>dubitemus,</span> <span class='ocrx_word' id='word_1_143' title='bbox 1121 1930 1266 2010; x_wconf 85' lang='lat' dir='ltr'>ejusmodi</span> <span class='ocrx_word' id='word_1_144' title='bbox 1280 1939 1352 1991; x_wconf 81' lang='lat' dir='ltr'>rota</span> 
     </span>
     <span class='ocr_line' id='line_1_17' title="bbox 208 2029 1353 2113; baseline -0.004 -19"><span class='ocrx_word' id='word_1_145' title='bbox 208 2041 311 2094; x_wconf 88' lang='lat' dir='ltr'>nostra</span> <span class='ocrx_word' id='word_1_146' title='bbox 323 2051 393 2094; x_wconf 90' lang='lat' dir='ltr'>oum</span> <span class='ocrx_word' id='word_1_147' title='bbox 407 2033 449 2094; x_wconf 86' lang='lat' dir='ltr'>tui</span> <span class='ocrx_word' id='word_1_148' title='bbox 464 2033 558 2113; x_wconf 88' lang='lat' dir='ltr'>ipsius</span> <span class='ocrx_word' id='word_1_149' title='bbox 576 2029 819 2094; x_wconf 83' lang='lat' dir='ltr'>cumulatissimis</span> <span class='ocrx_word' id='word_1_150' title='bbox 837 2032 914 2091; x_wconf 84' lang='lat' dir='ltr'>rotis</span> <span class='ocrx_word' id='word_1_151' title='bbox 932 2032 1123 2093; x_wconf 89' lang='lat' dir='ltr'>contendere.</span> <span class='ocrx_word' id='word_1_152' title='bbox 1139 2031 1253 2092; x_wconf 85' lang='lat' dir='ltr'>Eadem</span> <span class='ocrx_word' id='word_1_153' title='bbox 1271 2047 1353 2090; x_wconf 91' lang='lat' dir='ltr'>nunc</span> 
     </span>
     <span class='ocr_line' id='line_1_18' title="bbox 208 2127 1353 2212; baseline -0.003 -21"><span class='ocrx_word' id='word_1_154' title='bbox 208 2130 240 2191; x_wconf 90' lang='lat' dir='ltr'>in</span> <span class='ocrx_word' id='word_1_155' title='bbox 254 2130 398 2194; x_wconf 81' lang='lat' dir='ltr'>eximium</span> <span class='ocrx_word' id='word_1_156' title='bbox 419 2138 551 2212; x_wconf 69' lang='lat' dir='ltr'>paternae</span> <span class='ocrx_word' id='word_1_157' title='bbox 563 2131 696 2192; x_wconf 84' lang='lat' dir='ltr'>caritatis</span> <span class='ocrx_word' id='word_1_158' title='bbox 710 2136 920 2210; x_wconf 87' lang='lat' dir='ltr'>argumentum</span> <span class='ocrx_word' id='word_1_159' title='bbox 935 2148 1007 2192; x_wconf 92' lang='lat' dir='ltr'>cum</span> <span class='ocrx_word' id='word_1_160' title='bbox 1026 2129 1189 2211; x_wconf 88' lang='lat' dir='ltr'>apostolica</span> <span class='ocrx_word' id='word_1_161' title='bbox 1208 2127 1353 2189; x_wconf 85' lang='lat' dir='ltr'>benedic-</span> 
     </span>
     <span class='ocr_line' id='line_1_19' title="bbox 209 2227 1353 2310; baseline 0.001 -22"><span class='ocrx_word' id='word_1_162' title='bbox 209 2228 290 2291; x_wconf 87' lang='lat' dir='ltr'>tione</span> <span class='ocrx_word' id='word_1_163' title='bbox 305 2230 532 2310; x_wconf 85' lang='lat' dir='ltr'>conjungimus,</span> <span class='ocrx_word' id='word_1_164' title='bbox 544 2247 636 2309; x_wconf 86' lang='lat' dir='ltr'>quam</span> <span class='ocrx_word' id='word_1_165' title='bbox 651 2228 722 2304; x_wconf 89' lang='lat' dir='ltr'>tibi,</span> <span class='ocrx_word' id='word_1_166' title='bbox 734 2227 888 2289; x_wconf 74' lang='lat' dir='ltr'>canssime</span> <span class='ocrx_word' id='word_1_167' title='bbox 898 2227 928 2289; x_wconf 94' lang='lat' dir='ltr'>in</span> <span class='ocrx_word' id='word_1_168' title='bbox 936 2229 1052 2290; x_wconf 84' lang='lat' dir='ltr'>Glaristo</span> <span class='ocrx_word' id='word_1_169' title='bbox 1061 2229 1102 2290; x_wconf 87' lang='lat' dir='ltr'>lili</span> <span class='ocrx_word' id='word_1_170' title='bbox 1115 2236 1228 2306; x_wconf 88' lang='lat' dir='ltr'>noster,</span> <span class='ocrx_word' id='word_1_171' title='bbox 1239 2228 1353 2310; x_wconf 85' lang='lat' dir='ltr'>totique</span> 
     </span>
     <span class='ocr_line' id='line_1_20' title="bbox 209 2324 1354 2405; baseline 0.001 -21"><span class='ocrx_word' id='word_1_172' title='bbox 209 2326 297 2403; x_wconf 79' lang='lat' dir='ltr'>regie</span> <span class='ocrx_word' id='word_1_173' title='bbox 310 2325 429 2387; x_wconf 77' lang='lat' dir='ltr'>lanrilia</span> <span class='ocrx_word' id='word_1_174' title='bbox 446 2345 506 2387; x_wconf 83' lang='grc'><strong>1111</strong></span> <span class='ocrx_word' id='word_1_175' title='bbox 522 2325 726 2386; x_wconf 87' lang='lat' dir='ltr'>amantissime</span> <span class='ocrx_word' id='word_1_176' title='bbox 740 2324 939 2405; x_wconf 85' lang='lat' dir='ltr'>impertimur.</span> <span class='ocrx_word' id='word_1_177' title='bbox 960 2329 1070 2388; x_wconf 83' lang='lat' dir='ltr'>Datum</span> <span class='ocrx_word' id='word_1_178' title='bbox 1090 2326 1209 2401; x_wconf 84' lang='lat' dir='ltr'>llomoe,</span> <span class='ocrx_word' id='word_1_179' title='bbox 1222 2333 1295 2402; x_wconf 75' lang='lat' dir='ltr'>eto,</span> <span class='ocrx_word' id='word_1_180' title='bbox 1305 2326 1354 2385; x_wconf 81' lang='lat' dir='ltr'>die</span> 
     </span>
     <span class='ocr_line' id='line_1_21' title="bbox 212 2429 1004 2503; baseline 0.009 -22"><span class='ocrx_word' id='word_1_181' title='bbox 212 2433 227 2481; x_wconf 99' lang='grc'><strong>7</strong></span> <span class='ocrx_word' id='word_1_182' title='bbox 241 2430 346 2484; x_wconf 80' lang='lat' dir='ltr'>martii</span> <span class='ocrx_word' id='word_1_183' title='bbox 360 2437 430 2484; x_wconf 90' lang='grc'><strong>1771</strong></span> <span class='ocrx_word' id='word_1_184' title='bbox 445 2429 651 2503; x_wconf 69' lang='lat' dir='ltr'>,pontificatus</span> <span class='ocrx_word' id='word_1_185' title='bbox 664 2429 761 2485; x_wconf 80' lang='lat' dir='ltr'>nostri</span> <span class='ocrx_word' id='word_1_186' title='bbox 770 2443 851 2484; x_wconf 79' lang='lat' dir='ltr'>anno</span> <span class='ocrx_word' id='word_1_187' title='bbox 864 2429 1004 2488; x_wconf 81' lang='lat' dir='ltr'>secundo.</span> 
     </span>
    </p>
   </div>
   <div class='ocr_carea' id='block_1_3' title="bbox 711 2633 857 2705">
    <p class='ocr_par' dir='ltr' id='par_1_3' title="bbox 711 2633 857 2705">
     <span class='ocr_line' id='line_1_22' title="bbox 711 2633 857 2705; baseline 0.007 -3"><span class='ocrx_word' id='word_1_188' title='bbox 711 2633 857 2705; x_wconf 84' lang='lat' dir='ltr'>CXXXI.</span> 
     </span>
    </p>
   </div>
   <div class='ocr_carea' id='block_1_4' title="bbox 560 2765 1006 2837">
    <p class='ocr_par' dir='ltr' id='par_1_4' title="bbox 560 2765 1006 2837">
     <span class='ocr_line' id='line_1_23' title="bbox 560 2765 1006 2837; baseline 0.011 -6"><span class='ocrx_word' id='word_1_189' title='bbox 560 2786 811 2832; x_wconf 80' lang='grc'><strong>1111111111111</strong></span> <span class='ocrx_word' id='word_1_190' title='bbox 831 2765 1006 2837; x_wconf 79' lang='grc'><strong>1111111111</strong></span> 
     </span>
    </p>
   </div>
   <div class='ocr_carea' id='block_1_5' title="bbox 210 2896 1355 3090">
    <p class='ocr_par' dir='ltr' id='par_1_5' title="bbox 210 2896 1355 3090">
     <span class='ocr_line' id='line_1_24' title="bbox 210 2896 1355 2979; baseline 0.003 -15"><span class='ocrx_word' id='word_1_191' title='bbox 210 2900 402 2964; x_wconf 83' lang='lat' dir='ltr'>EPISCOPIS</span> <span class='ocrx_word' id='word_1_192' title='bbox 421 2902 582 2973; x_wconf 71' lang='lat' dir='ltr'>nealal,</span> <span class='ocrx_word' id='word_1_193' title='bbox 604 2900 849 2970; x_wconf 79' lang='lat' dir='ltr'>HELIOPOLIS,</span> <span class='ocrx_word' id='word_1_194' title='bbox 871 2900 1143 2974; x_wconf 68' lang='lat' dir='ltr'>consulum,</span> <span class='ocrx_word' id='word_1_195' title='bbox 1164 2896 1355 2979; x_wconf 71' lang='lat' dir='ltr'>rainonis,</span> 
     </span>
     <span class='ocr_line' id='line_1_25' title="bbox 309 3015 1256 3090; baseline 0 -12"><span class='ocrx_word' id='word_1_196' title='bbox 309 3019 461 3090; x_wconf 68' lang='lat' dir='ltr'>maeri,</span> <span class='ocrx_word' id='word_1_197' title='bbox 484 3016 695 3087; x_wconf 78' lang='lat' dir='ltr'>CAESXREAE‚</span> <span class='ocrx_word' id='word_1_198' title='bbox 716 3015 841 3086; x_wconf 82' lang='lat' dir='ltr'>ARCAE,</span> <span class='ocrx_word' id='word_1_199' title='bbox 863 3015 1039 3088; x_wconf 84' lang='lat' dir='ltr'>LUSTRAE‚</span> <span class='ocrx_word' id='word_1_200' title='bbox 1062 3017 1110 3076; x_wconf 74' lang='grc' dir='ltr'>ΕΓ</span> <span class='ocrx_word' id='word_1_201' title='bbox 1131 3019 1256 3088; x_wconf 81' lang='lat' dir='ltr'>CYPRI,</span> 
     </span>
    </p>
   </div>
   <div class='ocr_carea' id='block_1_6' title="bbox 516 3136 1040 3245">
    <p class='ocr_par' dir='ltr' id='par_1_6' title="bbox 516 3136 1040 3245">
     <span class='ocr_line' id='line_1_26' title="bbox 516 3136 1040 3245; baseline -0.008 -27"><span class='ocrx_word' id='word_1_202' title='bbox 516 3136 751 3245; x_wconf 70' lang='lat' dir='ltr'>canneru</span> <span class='ocrx_word' id='word_1_203' title='bbox 777 3139 905 3214; x_wconf 79' lang='lat' dir='ltr'>narn</span> <span class='ocrx_word' id='word_1_204' title='bbox 933 3139 1040 3216; x_wconf 80' lang='grc'><strong>1111.</strong></span> 
     </span>
    </p>
   </div>
   <div class='ocr_carea' id='block_1_7' title="bbox 994 3289 1289 3353">
    <p class='ocr_par' dir='ltr' id='par_1_7' title="bbox 994 3289 1289 3353">
     <span class='ocr_line' id='line_1_27' title="bbox 994 3289 1289 3353; baseline 0.014 -16"><span class='ocrx_word' id='word_1_205' title='bbox 994 3291 1091 3350; x_wconf 78' lang='lat' dir='ltr'>Romae,</span> <span class='ocrx_word' id='word_1_206' title='bbox 1103 3290 1211 3353; x_wconf 78' lang='lat' dir='ltr'>caprilis</span> <span class='ocrx_word' id='word_1_207' title='bbox 1225 3289 1289 3343; x_wconf 79' lang='grc'><strong>1771.</strong></span> 
     </span>
    </p>
   </div>
   <div class='ocr_carea' id='block_1_8' title="bbox 209 3389 1359 4062">
    <p class='ocr_par' dir='ltr' id='par_1_8' title="bbox 209 3389 1359 4062">
     <span class='ocr_line' id='line_1_28' title="bbox 256 3389 1355 3480; baseline 0.01 -30"><span class='ocrx_word' id='word_1_208' title='bbox 256 3393 458 3462; x_wconf 67' lang='lat' dir='ltr'>venerabiles,</span> <span class='ocrx_word' id='word_1_209' title='bbox 483 3399 538 3452; x_wconf 88' lang='lat' dir='ltr'>etc.</span> <span class='ocrx_word' id='word_1_210' title='bbox 568 3389 699 3452; x_wconf 84' lang='lat' dir='ltr'>Plurima</span> <span class='ocrx_word' id='word_1_211' title='bbox 721 3393 836 3472; x_wconf 83' lang='lat' dir='ltr'>paterni</span> <span class='ocrx_word' id='word_1_212' title='bbox 861 3393 951 3455; x_wconf 92' lang='lat' dir='ltr'>animi</span> <span class='ocrx_word' id='word_1_213' title='bbox 974 3395 1164 3472; x_wconf 86' lang='lat' dir='ltr'>jucunditate</span> <span class='ocrx_word' id='word_1_214' title='bbox 1185 3390 1355 3480; x_wconf 85' lang='lat' dir='ltr'>accepimus</span> 
     </span>
     <span class='ocr_line' id='line_1_29' title="bbox 209 3487 1357 3571; baseline 0.008 -22"><span class='ocrx_word' id='word_1_215' title='bbox 209 3487 367 3570; x_wconf 89' lang='lat' dir='ltr'>epistolam</span> <span class='ocrx_word' id='word_1_216' title='bbox 384 3495 527 3566; x_wconf 77' lang='lat' dir='ltr'>vestram,</span> <span class='ocrx_word' id='word_1_217' title='bbox 543 3507 635 3570; x_wconf 86' lang='lat' dir='ltr'>quam</span> <span class='ocrx_word' id='word_1_218' title='bbox 649 3490 781 3552; x_wconf 90' lang='lat' dir='ltr'>unanimi</span> <span class='ocrx_word' id='word_1_219' title='bbox 802 3491 1010 3571; x_wconf 87' lang='lat' dir='ltr'>gratulationis</span> <span class='ocrx_word' id='word_1_220' title='bbox 1024 3491 1124 3554; x_wconf 85' lang='lat' dir='ltr'>officio</span> <span class='ocrx_word' id='word_1_221' title='bbox 1143 3489 1182 3555; x_wconf 85' lang='lat' dir='ltr'>ad</span> <span class='ocrx_word' id='word_1_222' title='bbox 1195 3496 1256 3558; x_wconf 91' lang='lat' dir='ltr'>Nos</span> <span class='ocrx_word' id='word_1_223' title='bbox 1268 3514 1357 3558; x_wconf 91' lang='lat' dir='ltr'>com-</span> 
     </span>
     <span class='ocr_line' id='line_1_30' title="bbox 210 3586 1356 3674; baseline 0.005 -25"><span class='ocrx_word' id='word_1_224' title='bbox 210 3586 342 3649; x_wconf 86' lang='lat' dir='ltr'>maniter</span> <span class='ocrx_word' id='word_1_225' title='bbox 351 3586 567 3665; x_wconf 88' lang='lat' dir='ltr'>transmisistis,</span> <span class='ocrx_word' id='word_1_226' title='bbox 581 3607 617 3649; x_wconf 85' lang='lat' dir='ltr'>ac</span> <span class='ocrx_word' id='word_1_227' title='bbox 630 3588 660 3650; x_wconf 89' lang='lat' dir='ltr'>in</span> <span class='ocrx_word' id='word_1_228' title='bbox 679 3589 784 3651; x_wconf 87' lang='lat' dir='ltr'>eadem</span> <span class='ocrx_word' id='word_1_229' title='bbox 804 3589 983 3670; x_wconf 85' lang='lat' dir='ltr'>perlibenter</span> <span class='ocrx_word' id='word_1_230' title='bbox 994 3590 1194 3653; x_wconf 83' lang='lat' dir='ltr'>intelleximus</span> <span class='ocrx_word' id='word_1_231' title='bbox 1212 3593 1356 3674; x_wconf 84' lang='lat' dir='ltr'>pietatem</span> 
     </span>
     <span class='ocr_line' id='line_1_31' title="bbox 210 3684 1358 3770; baseline 0.005 -23"><span class='ocrx_word' id='word_1_232' title='bbox 210 3687 240 3747; x_wconf 93' lang='lat' dir='ltr'>in</span> <span class='ocrx_word' id='word_1_233' title='bbox 252 3688 314 3747; x_wconf 88' lang='lat' dir='ltr'>Nos</span> <span class='ocrx_word' id='word_1_234' title='bbox 332 3693 474 3764; x_wconf 74' lang='grc'><strong>11111111,</strong></span> <span class='ocrx_word' id='word_1_235' title='bbox 488 3684 709 3749; x_wconf 85' lang='lat' dir='ltr'>observantiam</span> <span class='ocrx_word' id='word_1_236' title='bbox 722 3705 757 3749; x_wconf 92' lang='lat' dir='ltr'>ac</span> <span class='ocrx_word' id='word_1_237' title='bbox 773 3687 875 3764; x_wconf 83' lang='lat' dir='ltr'>tidem,</span> <span class='ocrx_word' id='word_1_238' title='bbox 886 3695 916 3749; x_wconf 90' lang='lat' dir='ltr'>et</span> <span class='ocrx_word' id='word_1_239' title='bbox 926 3690 1109 3770; x_wconf 89' lang='lat' dir='ltr'>pastoralem</span> <span class='ocrx_word' id='word_1_240' title='bbox 1122 3698 1265 3770; x_wconf 80' lang='lat' dir='ltr'>preterea</span> <span class='ocrx_word' id='word_1_241' title='bbox 1279 3691 1358 3753; x_wconf 91' lang='lat' dir='ltr'>solli-</span> 
     </span>
     <span class='ocr_line' id='line_1_32' title="bbox 210 3782 1358 3869; baseline 0.005 -24"><span class='ocrx_word' id='word_1_242' title='bbox 210 3782 385 3860; x_wconf 86' lang='lat' dir='ltr'>citudinem,</span> <span class='ocrx_word' id='word_1_243' title='bbox 400 3784 510 3865; x_wconf 90' lang='lat' dir='ltr'>quade</span> <span class='ocrx_word' id='word_1_244' title='bbox 523 3786 685 3848; x_wconf 87' lang='lat' dir='ltr'>commisso</span> <span class='ocrx_word' id='word_1_245' title='bbox 698 3787 783 3849; x_wconf 87' lang='lat' dir='ltr'>vobis</span> <span class='ocrx_word' id='word_1_246' title='bbox 798 3787 910 3869; x_wconf 93' lang='lat' dir='ltr'>populo</span> <span class='ocrx_word' id='word_1_247' title='bbox 923 3786 1054 3849; x_wconf 80' lang='lat' dir='ltr'>maxime</span> <span class='ocrx_word' id='word_1_248' title='bbox 1071 3787 1142 3849; x_wconf 91' lang='lat' dir='ltr'>estis</span> <span class='ocrx_word' id='word_1_249' title='bbox 1157 3786 1268 3850; x_wconf 85' lang='lat' dir='ltr'>allecti.</span> <span class='ocrx_word' id='word_1_250' title='bbox 1288 3789 1358 3863; x_wconf 81' lang='lat' dir='ltr'>erae</span> 
     </span>
     <span class='ocr_line' id='line_1_33' title="bbox 209 3877 1358 3965; baseline 0.005 -25"><span class='ocrx_word' id='word_1_251' title='bbox 209 3877 312 3940; x_wconf 91' lang='lat' dir='ltr'>omnia</span> <span class='ocrx_word' id='word_1_252' title='bbox 326 3885 409 3940; x_wconf 82' lang='lat' dir='ltr'>tanto</span> <span class='ocrx_word' id='word_1_253' title='bbox 420 3880 601 3958; x_wconf 87' lang='lat' dir='ltr'>jucundiora</span> <span class='ocrx_word' id='word_1_254' title='bbox 611 3881 694 3945; x_wconf 83' lang='lat' dir='ltr'>luere</span> <span class='ocrx_word' id='word_1_255' title='bbox 704 3929 712 3960; x_wconf 98' lang='lat'>,</span> <span class='ocrx_word' id='word_1_256' title='bbox 722 3890 836 3964; x_wconf 88' lang='lat' dir='ltr'>quanto</span> <span class='ocrx_word' id='word_1_257' title='bbox 850 3882 948 3945; x_wconf 91' lang='lat' dir='ltr'>studia</span> <span class='ocrx_word' id='word_1_258' title='bbox 968 3882 1032 3944; x_wconf 80' lang='lat' dir='ltr'>hec</span> <span class='ocrx_word' id='word_1_259' title='bbox 1044 3889 1143 3945; x_wconf 87' lang='lat' dir='ltr'>vestra</span> <span class='ocrx_word' id='word_1_260' title='bbox 1157 3884 1358 3965; x_wconf 80' lang='lat' dir='ltr'>opportrmius</span> 
     </span>
     <span class='ocr_line' id='line_1_34' title="bbox 209 3976 1359 4062; baseline 0.001 -22"><span class='ocrx_word' id='word_1_261' title='bbox 209 3978 303 4040; x_wconf 88' lang='lat' dir='ltr'>Nobis</span> <span class='ocrx_word' id='word_1_262' title='bbox 324 3976 512 4055; x_wconf 79' lang='lat' dir='ltr'>accidenmt3</span> <span class='ocrx_word' id='word_1_263' title='bbox 533 3980 644 4060; x_wconf 88' lang='lat' dir='ltr'>partim</span> <span class='ocrx_word' id='word_1_264' title='bbox 666 3981 747 4042; x_wconf 91' lang='lat' dir='ltr'>enim</span> <span class='ocrx_word' id='word_1_265' title='bbox 768 3979 961 4042; x_wconf 84' lang='lat' dir='ltr'>Pontificium</span> <span class='ocrx_word' id='word_1_266' title='bbox 985 3981 1047 4042; x_wconf 91' lang='lat' dir='ltr'>hoc</span> <span class='ocrx_word' id='word_1_267' title='bbox 1068 3980 1244 4062; x_wconf 89' lang='lat' dir='ltr'>impositum</span> <span class='ocrx_word' id='word_1_268' title='bbox 1264 3980 1359 4042; x_wconf 85' lang='lat' dir='ltr'>Nobis</span> 
     </span>
    </p>
   </div>
   <div class='ocr_carea' id='block_1_9' title="bbox 209 4073 1362 4549">
    <p class='ocr_par' dir='ltr' id='par_1_9' title="bbox 209 4073 1362 4549">
     <span class='ocr_line' id='line_1_35' title="bbox 209 4073 1359 4159; baseline -0.002 -21"><span class='ocrx_word' id='word_1_269' title='bbox 209 4094 286 4138; x_wconf 91' lang='lat' dir='ltr'>onus</span> <span class='ocrx_word' id='word_1_270' title='bbox 305 4073 468 4158; x_wconf 90' lang='lat' dir='ltr'>episcopali</span> <span class='ocrx_word' id='word_1_271' title='bbox 483 4084 581 4139; x_wconf 85' lang='lat' dir='ltr'>vestra</span> <span class='ocrx_word' id='word_1_272' title='bbox 597 4077 753 4157; x_wconf 89' lang='lat' dir='ltr'>diligentia</span> <span class='ocrx_word' id='word_1_273' title='bbox 768 4075 854 4139; x_wconf 89' lang='lat' dir='ltr'>valde</span> <span class='ocrx_word' id='word_1_274' title='bbox 867 4078 1056 4139; x_wconf 86' lang='lat' dir='ltr'>sublevatum</span> <span class='ocrx_word' id='word_1_275' title='bbox 1079 4076 1129 4155; x_wconf 90' lang='lat' dir='ltr'>iri,</span> <span class='ocrx_word' id='word_1_276' title='bbox 1141 4074 1252 4159; x_wconf 83' lang='lat' dir='ltr'>partim</span> <span class='ocrx_word' id='word_1_277' title='bbox 1265 4076 1359 4137; x_wconf 92' lang='lat' dir='ltr'>etiam</span> 
     </span>
     <span class='ocr_line' id='line_1_36' title="bbox 209 4173 1357 4258; baseline 0 -25"><span class='ocrx_word' id='word_1_278' title='bbox 209 4174 300 4235; x_wconf 86' lang='lat' dir='ltr'>etiam</span> <span class='ocrx_word' id='word_1_279' title='bbox 311 4182 425 4238; x_wconf 85' lang='lat' dir='ltr'>vestras</span> <span class='ocrx_word' id='word_1_280' title='bbox 442 4193 498 4256; x_wconf 94' lang='lat' dir='ltr'>pro</span> <span class='ocrx_word' id='word_1_281' title='bbox 509 4176 602 4238; x_wconf 90' lang='lat' dir='ltr'>Nobis</span> <span class='ocrx_word' id='word_1_282' title='bbox 614 4175 652 4236; x_wconf 92' lang='lat' dir='ltr'>ad</span> <span class='ocrx_word' id='word_1_283' title='bbox 669 4176 765 4235; x_wconf 87' lang='lat' dir='ltr'>Deum</span> <span class='ocrx_word' id='word_1_284' title='bbox 782 4174 1005 4237; x_wconf 89' lang='lat' dir='ltr'>obsecrationes</span> <span class='ocrx_word' id='word_1_285' title='bbox 1019 4176 1168 4258; x_wconf 73' lang='lat' dir='ltr'>preclare</span> <span class='ocrx_word' id='word_1_286' title='bbox 1186 4173 1279 4236; x_wconf 82' lang='lat' dir='ltr'>Nobis</span> <span class='ocrx_word' id='word_1_287' title='bbox 1290 4173 1357 4235; x_wconf 86' lang='lat' dir='ltr'>uti-</span> 
     </span>
     <span class='ocr_line' id='line_1_37' title="bbox 210 4265 1362 4352; baseline 0.003 -23"><span class='ocrx_word' id='word_1_288' title='bbox 210 4270 285 4331; x_wconf 89' lang='lat' dir='ltr'>litati</span> <span class='ocrx_word' id='word_1_289' title='bbox 297 4271 411 4335; x_wconf 82' lang='lat' dir='ltr'>luturas</span> <span class='ocrx_word' id='word_1_290' title='bbox 429 4291 489 4335; x_wconf 91' lang='lat' dir='ltr'>nou</span> <span class='ocrx_word' id='word_1_291' title='bbox 509 4273 693 4335; x_wconf 85' lang='lat' dir='ltr'>dubitamus.</span> <span class='ocrx_word' id='word_1_292' title='bbox 705 4272 902 4352; x_wconf 84' lang='lat' dir='ltr'>Quapropter,</span> <span class='ocrx_word' id='word_1_293' title='bbox 918 4265 1362 4350; x_wconf 65' lang='lat' dir='ltr'>Venerabiresnrauss&#39;etde-</span> 
     </span>
     <span class='ocr_line' id='line_1_38' title="bbox 210 4363 1362 4452; baseline 0.005 -27"><span class='ocrx_word' id='word_1_294' title='bbox 210 4363 288 4425; x_wconf 87' lang='lat' dir='ltr'>bitas</span> <span class='ocrx_word' id='word_1_295' title='bbox 308 4367 393 4428; x_wconf 83' lang='lat' dir='ltr'>vobis</span> <span class='ocrx_word' id='word_1_296' title='bbox 410 4369 522 4431; x_wconf 89' lang='lat' dir='ltr'>idcirco</span> <span class='ocrx_word' id='word_1_297' title='bbox 535 4368 647 4448; x_wconf 88' lang='lat' dir='ltr'>gratias</span> <span class='ocrx_word' id='word_1_298' title='bbox 667 4366 831 4445; x_wconf 87' lang='lat' dir='ltr'>habemus,</span> <span class='ocrx_word' id='word_1_299' title='bbox 853 4375 884 4430; x_wconf 90' lang='lat' dir='ltr'>et</span> <span class='ocrx_word' id='word_1_300' title='bbox 895 4365 1166 4449; x_wconf 85' lang='lat' dir='ltr'>cumulatissimas,</span> <span class='ocrx_word' id='word_1_301' title='bbox 1188 4387 1264 4452; x_wconf 89' lang='lat' dir='ltr'>quas</span> <span class='ocrx_word' id='word_1_302' title='bbox 1286 4386 1362 4451; x_wconf 87' lang='lat' dir='ltr'>pos-</span> 
     </span>
     <span class='ocr_line' id='line_1_39' title="bbox 213 4464 1360 4549; baseline 0.01 -31"><span class='ocrx_word' id='word_1_303' title='bbox 213 4477 333 4540; x_wconf 85' lang='lat' dir='ltr'>sumus,</span> <span class='ocrx_word' id='word_1_304' title='bbox 356 4464 511 4527; x_wconf 88' lang='lat' dir='ltr'>reddimus</span> <span class='ocrx_word' id='word_1_305' title='bbox 528 4464 665 4546; x_wconf 88' lang='lat' dir='ltr'>pietatis,</span> <span class='ocrx_word' id='word_1_306' title='bbox 688 4465 794 4542; x_wconf 88' lang='lat' dir='ltr'>studii,</span> <span class='ocrx_word' id='word_1_307' title='bbox 816 4473 905 4546; x_wconf 88' lang='lat' dir='ltr'>atque</span> <span class='ocrx_word' id='word_1_308' title='bbox 923 4467 1033 4529; x_wconf 81' lang='lat' dir='ltr'>amoris</span> <span class='ocrx_word' id='word_1_309' title='bbox 1048 4468 1147 4546; x_wconf 89' lang='lat' dir='ltr'>vices,</span> <span class='ocrx_word' id='word_1_310' title='bbox 1171 4486 1285 4549; x_wconf 80' lang='lat' dir='ltr'>vosque</span> <span class='ocrx_word' id='word_1_311' title='bbox 1305 4465 1360 4530; x_wconf 86' lang='lat' dir='ltr'>etsi</span> 
     </span>
    </p>
   </div>
   <div class='ocr_carea' id='block_1_10' title="bbox 0 0 1621 5354">
    <p class='ocr_par' dir='ltr' id='par_1_10' title="bbox 0 0 1621 5354">
     <span class='ocr_line' id='line_1_40' title="bbox 0 0 1621 5354; baseline 0 0"><span class='ocrx_word' id='word_1_312' title='bbox 0 0 1621 5354; x_wconf 95' lang='lat' dir='ltr'> </span> 
     </span>
    </p>
   </div>
  </div>
 </body>
</html>
