3194 5354
390 478 570 535 seurota
588 480 633 534 ET
652 479 787 537 Bnnvm
806 479 1039 538 nuncnune
1237 491 1289 540 m

143 583 232 644 nibus
248 582 367 664 pietatis
387 588 418 644 et
435 580 603 649 christiane
618 584 737 646 virtutis
759 584 866 646 officiis
886 566 1024 647 demeriti
1051 586 1183 669 fueritis,
1200 589 1238 651 ab
1252 607 1289 652 ea

143 698 204 742 una
230 679 419 762 potissimum
437 680 609 760 hujusmodi
635 682 816 745 beneficium
831 683 1004 772 expectetis.
1027 684 1112 759 Quod
1133 695 1168 748 ut
1190 688 1290 769 aptius

143 800 180 843 ac
200 778 302 843 divino
319 779 509 862 impetrando
525 781 663 863 presidio
675 780 934 843 accommodatius
943 780 1063 845 efficere
1075 784 1197 865 possitis
1209 831 1218 862 ‚
1232 802 1289 847 cu-

143 878 262 941 lestium
276 894 436 940 munerum
450 879 623 960 auspicem,
639 885 670 940 et
682 886 791 941 nostre
800 879 1017 942 benevolentia
1037 884 1146 944 testem
1163 890 1289 965 aposto-

142 977 231 1039 lionn
254 976 494 1040 benedictionem
512 976 726 1040 Nobilitatibus
748 979 855 1042 vostris
874 987 1067 1062 peramanter
1086 981 1285 1064 impertimur.

143 1076 255 1135 Duum
265 1068 366 1135 Romu
393 1075 556 1135 escuem
567 1077 677 1153 aprilis
692 1087 779 1152 1772,
789 1079 1090 1157 pontistcotusnortri
1099 1098 1178 1142 anuo
1188 1086 1286 1145 tertio.

627 1189 809 1201 ..ι-ιιι...-

657 1289 764 1359 CClll.

548 1437 739 1481 versurum
760 1438 873 1481 ruenni

337 1525 533 1588 ANTONIO
557 1524 913 1587 uncfflurlscoro
937 1525 1088 1587 GOANO

446 1629 680 1706 CLEMENS
707 1631 835 1706 PAPA
864 1628 970 1706 XIV.

857 1761 862 1768 “
894 1762 991 1820 nome,
1005 1761 1126 1825 traprllie
1138 1766 1205 1815 ¹772.

185 1849 381 1921 Venerabilis,
397 1855 451 1909 etc.
469 1849 607 1911 Postulas
633 1869 650 1908 a
677 1849 785 1926 Nobis,
811 1849 997 1911 Venerabilis
1017 1851 1132 1928 Frater,
1151 1859 1196 1930 ut,
1215 1869 1286 1914 cum

140 1946 280 2008 valetudo
289 1952 343 2007 tua
356 1945 440 2006 cibos
452 1945 557 2024 jejunii
570 1945 634 2025 lege
643 1945 831 2026 prescriptos
839 1944 917 2007 ferre
927 1962 987 2008 non
997 1946 1107 2027 possit,
1121 1948 1286 2028 apostolica

139 2044 194 2105 tibi
209 2042 387 2105 auctoritate
402 2040 620 2117 concedamus,
643 2046 677 2101 ut
688 2039 726 2102 iis
739 2039 942 2121 temporibus,
957 2041 1067 2120 quibus
1082 2041 1232 2119 jejunium
1247 2043 1286 2104 ab

139 2140 273 2202 Ecclesia
295 2138 465 2200 institutum
489 2143 551 2212 est,
576 2137 708 2200 salubres
733 2135 919 2198 comedendo
942 2154 1049 2198 earnes
1071 2143 1129 2198 tua
1151 2138 1286 2219 corporis

139 2236 238 2298 allecti
253 2234 448 2298 imbecillitati
463 2235 618 2297 consulere
631 2235 742 2297 valeas.
757 2234 880 2297 blinime
891 2233 1019 2296 dubium
1032 2233 1125 2295 Nobis
1138 2240 1199 2312 est,
1213 2234 1286 2316 quin

139 2333 178 2394 ad
195 2333 254 2396 boc
273 2332 459 2415 postulatum
478 2331 560 2412 gravi
583 2331 722 2394 inductus
736 2348 828 2394 cansa
848 2330 1022 2409 deveneris,
1039 2332 1283 2413 pastoralemque

137 2445 262 2510 operam
273 2446 310 2490 ac
321 2425 553 2490 sollicitudinem
566 2433 651 2488 tuem
664 2427 737 2488 tanti
749 2426 887 2507 iacimus,
900 2433 935 2490 ut
945 2427 1115 2490 commissis
1128 2428 1221 2490 etiem
1231 2429 1286 2491 tibi

139 2524 263 2603 ovibus,
275 2543 405 2606 quarum
417 2523 609 2586 incolumitas
622 2530 675 2585 tua
683 2524 784 2604 magni
797 2524 935 2604 interest,
954 2526 1041 2588 valde
1061 2527 1122 2589 Nos
1140 2546 1176 2589 ea
1190 2530 1287 2609 gratia

137 2624 327 2686 consulturos
347 2640 412 2684 csse
435 2621 652 2683 existimemus.
672 2623 776 2702 ltaque
796 2629 825 2683 et
847 2623 951 2684 salutis
973 2630 1031 2685 tua
1051 2632 1081 2685 et
1105 2626 1287 2708 episcopalis
1362 2680 1364 2685 .

138 2722 294 2784 ministerii
315 2722 463 2783 rationem
477 2720 623 2782 habentes
638 2719 710 2799 tibi,
726 2719 910 2782 Venerabilis
923 2722 1039 2797 Frater,
1061 2722 1167 2800 jeiunii
1180 2723 1287 2785 diebus

136 2819 301 2880 salubrium
318 2819 455 2879 carnium
477 2837 580 2895 usum,
596 2817 633 2879 de
645 2817 769 2879 consilio
784 2806 885 2879 tamen
902 2824 932 2879 et
946 2819 1120 2880 confessarii
1134 2825 1164 2880 et
1178 2820 1286 2883 medici

139 2918 183 2977 tui
198 2935 253 2995 per
265 2916 354 2976 hasce
367 2914 398 2974 in
409 2914 507 2974 torma
520 2913 623 2975 Brevis
634 2913 736 2973 literas
748 2913 904 2974 Pontificio
916 2920 1065 2993 potestate
1084 2915 1288 2995 permittimus

138 3021 168 3074 ot
183 3014 381 3093 indulgemus.
393 3011 464 3073 ldeo
476 3029 547 3090 erga
557 3018 587 3072 te
599 3010 701 3071 animo
712 3010 856 3086 iacimus,
870 3016 904 3071 ut
915 3011 1080 3090 plurimum
1092 3012 1146 3072 tibi
1156 3019 1286 3091 paterna

136 3109 271 3171 caritatis
283 3116 314 3169 et
324 3107 414 3169 studii
428 3107 562 3169 officium
576 3104 755 3167 deferamus.
772 3106 858 3180 Quod
876 3106 972 3186 magis
986 3114 1020 3167 ut
1038 3107 1091 3168 tibi
1106 3110 1288 3188 persuadeas

138 3209 328 3269 vehementer
343 3212 401 3266 ate
414 3205 562 3287 petimus,
578 3210 612 3264 ut
634 3220 790 3283 nunquam
805 3201 856 3263 ulli
878 3201 1095 3282 opportunitati
1119 3203 1213 3282 desis,
1226 3224 1288 3285 qua

138 3311 245 3366 nostra
253 3302 308 3364 tibi
320 3299 510 3383 gratificandi
524 3298 680 3381 cupiditati
693 3299 871 3361 satisfacias.
888 3301 931 3359 Ac
945 3298 974 3359 in
988 3299 1109 3362 uberius
1125 3302 1287 3365 Pontificia

84 3406 90 3417 '
138 3400 351 3463 bemdeuue
358 3399 467 3481 pignus
480 3397 676 3479 apostolicam
688 3396 927 3458 benedictionem
941 3394 1007 3472 tibi,
1018 3397 1205 3460 Venerabilis
1216 3398 1287 3461 Fra·

138 3506 194 3576 ter,
209 3505 326 3579 tuaque
340 3515 420 3560 carru
430 3493 599 3558 commissis
608 3493 728 3576 populis
746 3499 939 3575 peramanter
952 3492 1152 3574 impertimur.
1170 3496 1285 3556 Bolum

139 3599 258 3669 nome,
272 3603 349 3674 etc.;
363 3598 413 3657 dte
430 3606 468 3656 no
482 3596 690 3673 aprilium,
703 3594 892 3676 pontificatum
902 3594 1002 3650 nostri
1015 3608 1094 3650 anno
1105 3595 1202 3653 tertio.

614 3703 797 3719 ...ἑκ-..-

470 3948 670 3994 suncnlssult
691 3948 809 3993 norunt
834 3947 948 3989 NOSTRI

173 4043 427 4114 CLEMENTIS
461 4041 627 4113 DIVINA
662 4039 975 4111 PROVlDENle
1011 4038 1134 4108 rnPAE
1169 4034 1252 4101 XIV

446 4165 449 4169 ’
545 4160 882 4254 ALLOCUTIO,

81 4301 83 4304 ⁴
211 4294 325 4345 nuum
342 4293 376 4342 ln
392 4294 597 4344 consistorio
613 4291 753 4343 moneto
768 4293 823 4342 nm
839 4293 910 4342 xm
926 4290 1008 4340 suun
1023 4285 1201 4337 MDCGLXXH

185 4390 367 4452 Vmerobtlcs
385 4391 521 4462 Fratres,
537 4398 594 4452 etc.
612 4390 756 4451 Praeclare
776 4387 860 4450 vobis
878 4390 949 4450 sunt
965 4382 1091 4463 cognite
1111 4388 1199 4464 atque
1217 4403 1285 4466 per-

139 4493 255 4568 specta,
263 4483 454 4547 venerabiles
464 4487 593 4561 Fratres,
605 4484 749 4546 carissimi
761 4484 791 4543 in
801 4480 917 4542 Christo
924 4478 976 4540 tilii
984 4478 1076 4540 nostri
1087 4478 1184 4542 Caroli
1191 4480 1285 4542 Ema-

384 4603 386 4607 ’
1132 4591 1174 4641 15.
