3194 5354
388 495 573 551 EPISTOLAE
591 496 635 548 at·
654 495 790 549 Bantia
808 495 1043 551 seductioni.
1237 499 1289 548 313

140 603 291 682 llajestati
304 603 375 662 Tua
389 600 592 663 amantissime
600 601 802 682 impertimur.
812 604 925 663 Datum
934 603 1044 671 Rome,
1055 602 1136 680 apud
1147 603 1289 662 Sanctam

143 702 273 761 Monam
288 701 441 776 Majorcm,
454 698 508 758 sub
522 698 646 759 Annulo
657 699 832 775 Piscatores,
846 699 895 761 die
906 703 1007 777 prima
1016 701 1096 770 iunii
1111 709 1199 773 177⁴,
1210 714 1289 777 pon-

143 800 275 875 osteario
287 800 384 858 nostri
393 814 472 857 anno
483 801 582 858 sexto.

627 1062 823 1134 CCLXXIV.

542 1225 774 1267 nllucalssmls
797 1222 890 1265 mus

495 1331 649 1392 bucano
670 1333 720 1391 ΕΤ
740 1330 932 1391 CAPITULO

324 1454 514 1504 accurare
534 1455 857 1505 naanoronrrann
876 1452 1109 1502 uosunrrnn

455 1561 688 1638 CLEMENS
715 1562 841 1637 ΡΑΡΑ
870 1559 975 1635 XIV.

948 1720 1045 1778 Rome,
1057 1723 1070 1765 2
1080 1716 1141 1777 junii
1158 1721 1224 1767 177⁴.

183 1824 304 1893 Dilecti,
318 1830 373 1884 etc.
386 1825 430 1884 Far
441 1832 544 1886 nostro
557 1827 673 1906 paterni
687 1825 779 1889 animi
791 1826 894 1887 dolore
905 1824 992 1886 facile
1006 1822 1197 1904 intelligimus
1211 1843 1289 1888 moe-

141 1938 240 1981 rorem
256 1920 429 2001 luctumque
443 1930 591 2000 vestrum,
605 1923 705 1986 dilecti
727 1924 951 2005 filii,que1nex
973 1924 1158 1987 Venerabilis
1177 1926 1289 1986 Fratris

141 2016 299 2078 Emmerici
313 2018 435 2097 losepbi
448 2018 532 2081 istius
543 2023 780 2104 metropolitane
793 2023 871 2086 sedis
885 2023 1108 2105 brchiepiscopi
1122 2032 1154 2086 et
1163 2027 1193 2086 S.
1208 2027 1244 2086 lt.
1257 2029 1286 2090 J.

141 2110 285 2193 Principis
299 2113 442 2176 Electoris
458 2116 542 2179 obitu
555 2119 740 2200 percepistis.
756 2121 818 2183 Nos
836 2139 906 2182 sane
920 2140 981 2183 una
996 2139 1067 2182 cum
1079 2121 1184 2183 vestris
1201 2123 1289 2185 enixa

140 2230 196 2291 pro
215 2212 280 2290 ejus
296 2210 402 2275 animae
415 2214 510 2276 salute
524 2223 594 2278 voto
613 2217 840 2298 conjungimus,
856 2237 892 2281 ac
905 2218 1022 2280 intenso
1035 2217 1135 2280 studio
1157 2218 1288 2280 divinam

140 2309 182 2370 illi
204 2310 440 2375 misericordiam
463 2313 671 2395 imploramus.
689 2316 776 2390 Quod
797 2315 946 2396 reliquum
967 2333 1048 2378 nunc
1068 2322 1132 2392 est,
1153 2323 1288 2378 nostrum

141 2406 199 2471 boc
214 2408 396 2472 desiderium
415 2411 545 2474 lenimus
560 2432 595 2475 ac
611 2414 745 2476 solamur
760 2413 811 2475 illa
825 2411 1022 2494 cogitatione,
1035 2411 1100 2474 iore
1113 2430 1208 2492 quarn
1223 2412 1289 2494 pri-

140 2524 241 2584 mum,
253 2513 287 2568 ut
297 2508 494 2589 egregiumao
503 2511 583 2572 omni
599 2510 778 2592 episcopalis
789 2509 906 2571 virtutis
917 2509 1006 2571 laude
1017 2509 1176 2590 praeditum
1190 2509 1288 2571 virum

140 2601 171 2661 in
202 2601 281 2664 illius
305 2603 407 2666 locum
429 2613 528 2668 vestra
551 2606 696 2670 electione
716 2607 913 2670 substituatis.
938 2608 1000 2669 Vos
1022 2606 1123 2687 itaque
1141 2613 1288 2687 quantum
1378 2675 1381 2680 ,

139 2723 300 2784 possumus
313 2705 471 2768 hortamur
490 2707 521 2768 in
532 2706 675 2786 Domino,
687 2707 786 2770 dilecti
800 2706 869 2785 filii,
882 2713 917 2768 ut
927 2704 1136 2787 gravissimam
1146 2705 1229 2767 illam
1240 2721 1289 2766 ae

140 2800 253 2862 tionem
276 2821 331 2882 pro
345 2804 435 2865 vestri
456 2805 589 2867 muueris
606 2805 665 2867 fide
680 2804 846 2886 peragatis,
869 2803 899 2865 in
919 2822 1016 2884 eaque
1028 2808 1060 2865 et
1079 2802 1118 2864 ad
1130 2801 1288 2864 Catholice

139 2898 289 2977 religionis
302 2898 536 2977 incrementum,
556 2909 586 2962 et
600 2902 734 2963 edistius
746 2902 879 2964 ecclesie
888 2900 1065 2980 dignitatem
1078 2898 1210 2960 rationes
1230 2916 1288 2960 cu-

139 3011 247 3073 rasque
260 3000 373 3056 vestras
385 3013 491 3056 omnes
499 3014 658 3058 conversas
666 3015 731 3057 esse
741 2994 954 3076 comprobetis.
967 2993 1133 3054 Plurimum
1144 2993 1205 3054 Nos
1215 3009 1288 3053 saue

140 3094 239 3150 vestro
253 3087 353 3151 studio
366 3089 584 3171 prudentiaque
595 3090 730 3168 nitimur,
742 3090 797 3153 sed
807 3088 939 3152 maxime
951 3088 1136 3169 optimorum
1147 3084 1288 3149 consilio-

139 3205 208 3248 rum
220 3186 356 3249 omnium
371 3194 526 3250 auctorem
539 3190 635 3250 Deum
646 3207 816 3270 precamur,
831 3194 866 3249 ut
880 3185 927 3249 sui
938 3184 1060 3267 spiritus
1075 3182 1177 3247 afflatu
1190 3201 1244 3245 vos
1256 3182 1286 3244 in

140 3285 409 3350 consultationibus
423 3286 528 3349 vestris
544 3285 752 3368 suffragiisque
767 3285 892 3367 dirigat,
914 3302 951 3347 ac
965 3281 1120 3347 unanimes
1143 3282 1182 3342 ad
1201 3298 1287 3343 suam

138 3383 265 3464 gloriam
287 3383 524 3465 promovendam
546 3402 611 3446 esse
628 3383 713 3446 faxit.
726 3383 813 3459 Quod
832 3381 872 3445 ad
893 3382 1035 3446 dilectum
1055 3379 1151 3443 filium
1170 3380 1288 3459 Fargna

139 3487 285 3563 Agentem
296 3490 429 3546 vestrum
442 3481 589 3565 pertinet,
607 3481 737 3544 eundem
748 3481 804 3544 etsi
818 3487 907 3543 antea
921 3479 1013 3543 Nobis
1026 3477 1112 3540 valde
1125 3475 1287 3558 probatum

140 3585 229 3659 atque
252 3586 410 3660 acceptum
429 3579 470 3641 ob
487 3585 677 3659 perspectam
696 3595 783 3639 suam
803 3575 987 3656 diligentiam
1002 3592 1037 3636 ao
1057 3571 1164 3648 fidem,
1184 3577 1287 3632 tamea

140 3684 255 3741 vestras
266 3678 360 3741 Nobis
375 3677 552 3740 reddentem
566 3677 681 3739 litteras
701 3684 863 3758 vestroque
877 3677 907 3739 iu
923 3677 985 3738 Nos
1001 3672 1168 3737 devotionis
1188 3672 1287 3736 officia

141 3783 280 3839 accurate
305 3776 489 3840 deferentem
502 3776 682 3859 perlibenter
698 3776 886 3858 excepimus,
904 3792 1069 3856 coramque
1081 3773 1139 3855 ipsi
1154 3772 1287 3835 declara·

139 3869 320 3953 rimasque
333 3880 437 3936 nostra
450 3880 530 3936 esset
549 3891 621 3954 erge
642 3891 696 3935 vos
714 3873 875 3953 conjuncto
892 3891 965 3936 cum
981 3871 1111 3954 plurima
1131 3868 1289 3933 existima-

140 3967 220 4029 tione
245 3975 369 4049 patema
390 3970 508 4034 caritas.
533 3974 578 4033 Ac
602 3971 635 4032 in
659 3970 794 4050 ejusdem
816 3970 937 4034 uberius
959 3970 1067 4053 pignus
1090 3966 1285 4050 apostolicam

139 4068 378 4132 benedictionem
397 4072 498 4149 vobis,
520 4068 621 4133 dilecti
644 4068 709 4147 lilii,
729 4076 921 4152 peramanter
949 4067 1147 4150 impertimur.
1172 4065 1287 4126 Datum

140 4169 253 4241 Rome,
270 4169 353 4246 opud
365 4170 511 4232 Scortum
523 4172 654 4233 Monam
675 4171 831 4244 divinem,
843 4170 897 4229 rub
908 4169 1028 4230 Annulo
1041 4164 1222 4231 Piscatotis,
1235 4160 1285 4221 dic

141 4276 158 4326 2
165 4268 254 4344 junii
272 4277 359 4342 1774,
379 4271 571 4345 pontificatus
591 4271 688 4328 nostri
702 4284 783 4327 anno
797 4273 893 4327 sexto.
