3194 5354
409 491 591 547 sessione
607 492 653 546 ur
671 492 806 549 enevn
826 480 1059 551 senncrroua.
1251 501 1298 552 aar

155 597 311 659 nationem
330 605 461 657 vestram
475 597 697 677 tranquillitatis
710 617 746 661 ae
764 599 848 679 pacis
860 605 958 671 ,status
977 600 1133 662 referatur.
1152 601 1196 663 illi
1214 601 1303 682 igitur

154 713 261 776 parem
281 711 317 756 ac
330 693 422 756 Nobis
445 691 518 774 ipsis
532 692 688 756 adhibebis
708 693 814 773 tidem,
826 712 950 774 qmque
972 701 1114 774 practerea
1134 695 1171 758 de
1193 696 1303 759 eximia

136 793 141 801 '
154 798 259 853 nostra
267 790 298 852 in
308 796 338 851 te
347 789 472 852 caritate
481 787 607 868 deferet,
618 791 782 871 apostoliea
790 797 847 854 uos
856 790 1070 854 confirmamus
1082 791 1301 870 benedictione,

154 905 247 969 quam
257 885 365 949 intimo
375 884 471 948 nostri
483 885 582 948 cordis
600 904 689 949 sensu
702 886 892 950 Frateruitati
907 892 965 949 tua
981 895 1174 969 peramanter
1188 889 1303 972 imper-

155 987 258 1047 timur.
283 986 399 1046 Datum
416 985 527 1055 ilmno,
541 992 611 1057 ete„
630 986 682 1048 die
703 995 738 1048 15
759 988 870 1066 aprilis
892 996 978 1062 1172,
992 988 1185 1068 pontificatur
1205 993 1301 1048 nostri

156 1101 234 1144 oona
255 1085 351 1144 tertio.
455 1090 458 1098 ’
517 1153 519 1160 Ι

191 1184 294 1243 Eodem
300 1183 593 1259 Eremp103Episropis
599 1185 1302 1261 Looeoriansi30utmensi;Samogitieusi;camene·

155 1273 1300 1349 aaranVitneusi3Kelmemi3Ploceosi3livoniemirsmolesosnsiffremistiensi.

641 1480 810 1552 CXCVlll.

563 1630 756 1672 venantium
777 1630 887 1672 rnarul

313 1720 553 1784 Tilltonotto
580 1717 793 1778 EPISGOPO
820 1717 1138 1792 Posalulnnsr,

395 1827 543 1877 suasano
559 1826 653 1874 emur
668 1824 815 1875 sonorus
831 1824 1061 1886 cancamum,

459 1919 694 2001 CLEMENS
724 1922 853 1999 PAPA
885 1921 992 1998 XIV.

335 2129 338 2134 Δ
927 2054 1021 2113 Roma,
1032 2059 1060 2103 rr
1071 2053 1153 2117 aprilis
1168 2057 1236 2103 1772.

200 2143 402 2215 Venerabilis,
419 2151 476 2205 etc.
496 2144 647 2217 Quantum
667 2140 760 2204 Nobis
781 2158 828 2202 res
853 2146 957 2202 vestre
977 2140 1102 2222 publicar
1115 2139 1198 2201 cordi
1223 2140 1298 2218 sint,

157 2241 304 2322 intelliget
317 2240 499 2303 Fraternitas
509 2248 563 2302 tua
576 2257 612 2302 ex
622 2238 789 2302 Venerabili
804 2240 907 2306 Fratre
919 2238 1051 2319 tosepbo
1064 2235 1300 2318 archiepiscopo

156 2337 272 2419 Beryti,
282 2356 373 2419 quem
384 2336 483 2400 isthuc
497 2335 536 2400 ad
546 2335 711 2417 gerendum
723 2335 804 2417 apud
818 2335 1007 2398 carissimum
1025 2334 1055 2395 iu
1072 2333 1189 2396 Christo
1203 2333 1299 2395 illium

156 2439 294 2495 nostrum
306 2432 489 2495 stanislaum
507 2435 678 2513 Augustum
690 2431 819 2494 Polouia
838 2433 950 2512 Regem
961 2431 1106 2493 illustrem
1117 2437 1149 2492 et
1165 2430 1298 2493 inclitam

157 2530 386 2611 Rempublicam
408 2535 539 2592 vestram
556 2528 650 2591 nostri
671 2537 701 2591 et
717 2528 896 2610 apostolica
917 2528 1002 2591 Sedis
1023 2528 1169 2591 Ordinarii
1191 2528 1298 2591 Nuncii

155 2630 266 2689 munus
285 2621 444 2689 mittimus.
460 2625 565 2688 Eidem
587 2630 749 2708 propterea
771 2625 862 2689 fldem
881 2632 946 2690 ate
962 2627 993 2689 in
1009 2627 1150 2690 omnibus
1166 2626 1298 2708 prestari
1374 2673 1376 2677 .

154 2720 303 2807 cupimus,
319 2745 355 2789 ae
366 2727 390 2789 si
401 2728 462 2788 Nos
476 2729 558 2808 ipsos
569 2744 673 2801 coram
683 2727 839 2808 loquentes
849 2724 978 2788 audires.
994 2727 1048 2788 llla
1062 2745 1134 2788 vero
1148 2725 1212 2807 ipse
1224 2744 1300 2807 prte-

154 2823 242 2903 cipue
253 2823 325 2902 agit,
340 2841 405 2903 qua
415 2842 433 2885 a
443 2822 536 2884 Nobis
546 2820 771 2902 diligentissime
783 2820 926 2884 mandata
936 2828 1018 2899 sunt,
1033 2829 1067 2884 ut
1080 2840 1148 2902 qum
1159 2821 1197 2883 ad
1210 2821 1299 2884 istam

153 2917 289 2978 inclitam
297 2917 1017 2998 ilempnblicaminpristinoCatholiooereligionis
1024 2924 1104 2979 statu
1111 2917 1299 2980 retinendam

155 3012 453 3093 confirmandamque
463 3011 625 3094 pertinent,
635 3030 672 3072 ea
682 3011 785 3073 omnia
793 3029 912 3072 summa
920 3030 989 3092 ope,
1001 3011 1112 3092 studio,
1125 3012 1299 3094 prudentia,
1378 3091 1382 3099 1

149 3106 333 3196 ⁴dexteritate
346 3117 499 3171 curentur.
520 3108 598 3169 Certi
616 3109 706 3188 plane
726 3110 830 3168 sumus
845 3107 945 3188 ipsum
962 3107 1027 3169 baec
1043 3126 1080 3170 ex
1101 3115 1205 3172 nostra
1228 3128 1300 3173 sen-

154 3207 265 3286 tentia,
279 3225 372 3288 quam
392 3207 456 3286 jam
472 3204 590 3287 pridem
605 3203 636 3265 in
658 3203 817 3284 Encyclica
829 3203 868 3265 ad
889 3203 1047 3285 episcopos
1066 3204 1138 3269 dato
1160 3205 1300 3270 declara-

155 3305 264 3383 vimus,
274 3303 419 3385 istiusque
433 3300 558 3383 proinde
567 3318 653 3362 sacro
666 3299 755 3380 regis,
769 3300 862 3381 Regni
877 3320 912 3363 ac
923 3300 1119 3384 Reipublica,
1130 3304 1198 3383 jure
1209 3311 1300 3387 alque

154 3403 283 3465 utilitate
290 3408 446 3484 gesturum
460 3419 531 3464 cum
540 3399 689 3478 doctrina,
704 3400 831 3481 pietate,
842 3400 934 3463 animi
946 3401 1093 3482 candore,
1105 3421 1208 3467 rerum
1221 3423 1297 3482 usu,

154 3501 330 3582 consiliique
342 3500 371 3560 vi
385 3499 424 3562 sit
440 3498 699 3562 instructissimus.
712 3501 810 3563 Tanta
825 3499 914 3580 igitur
925 3499 965 3562 ad
977 3501 1095 3580 generis
1107 3502 1297 3584 splendorem
1309 3557 1312 3564 .

154 3599 271 3662 virtutis
285 3598 498 3678 adjungentem
508 3596 630 3674 decora,
644 3613 759 3676 proque
773 3594 859 3658 istius
871 3595 1011 3659 Ecclesiae
1031 3596 1198 3660 rationibus
1209 3599 1299 3661 labo—

154 3703 286 3774 rantem,
300 3696 374 3777 quin
388 3695 547 3775 adiuturus
557 3694 622 3775 ipse
635 3693 691 3771 sis,
708 3693 893 3755 Venerabilis
904 3696 1018 3772 Frater,
1033 3695 1086 3757 etsi
1102 3695 1226 3759 minime
1237 3694 1300 3758 du·

154 3794 296 3874 bitemus,
306 3814 363 3877 pro
372 3801 476 3857 nostro
485 3792 892 3871 tameumunerebortamur,
902 3801 936 3854 ut
946 3811 1026 3856 nunc
1037 3795 1168 3857 maxime
1180 3801 1299 3858 tantun

154 3901 301 3975 wantum
326 3896 365 3957 ab
384 3894 549 3977 episcopali
570 3893 714 3973 dignitate
735 3892 907 3973 requiritur,
931 3900 984 3955 tua
1008 3894 1100 3957 animi
1122 3896 1298 3960 tortitudine

154 3992 381 4072 constantiaque
391 4011 448 4074 pro
464 3993 516 4054 Dei
530 3991 640 4072 gloria,
657 4009 714 4072 pro
728 3990 796 4052 fidei
809 3991 996 4072 integritate,
1010 4012 1068 4074 pro
1087 3994 1225 4057 universo
1239 3997 1300 4057 Na·
1366 4014 1379 4041 r

154 4089 244 4150 tionis
262 4088 343 4151 bono
365 4090 540 4152 contendas.
566 4091 604 4150 Et
625 4089 820 4170 apostolicam
842 4084 1083 4154 benedictionem
1106 4091 1298 4155 Fraternitati

154 4192 212 4250 ture
225 4187 255 4248 iu
266 4186 391 4266 egregie
408 4187 569 4268 pontificia
582 4185 743 4248 volrrntatis
757 4185 866 4267 pignus
886 4192 1078 4267 peramanter
1095 4187 1296 4266 impertimur.

153 4285 265 4356 Dolum
273 4285 462 4358 Remmetc„
473 4287 524 4347 die
537 4296 572 4346 15
583 4287 690 4364 aprilis
702 4288 988 4365 rumpendarum
997 4289 1095 4346 nostri
1104 4303 1184 4347 anno
1194 4293 1295 4351 teriia.

129 4432 131 4436 .
191 4388 294 4446 Eodem
311 4391 469 4464 Exemplo:
488 4392 629 4465 Episcopis
651 4379 815 4458 Varmiensi3
833 4389 1299 4468 Cujavieus13Episcopis·quinque

157 4479 185 4534 iu
196 4477 276 4534 Albo.
326 4534 328 4537 .
