<?xml version="1.0" encoding="UTF-8"?>
<!DOCTYPE html PUBLIC "-//W3C//DTD XHTML 1.0 Transitional//EN"
    "http://www.w3.org/TR/xhtml1/DTD/xhtml1-transitional.dtd">
<html xmlns="http://www.w3.org/1999/xhtml" xml:lang="en" lang="en">
 <head>
  <title>
</title>
<meta http-equiv="Content-Type" content="text/html;charset=utf-8" />
  <meta name='ocr-system' content='tesseract 3.04.00' />
  <meta name='ocr-capabilities' content='ocr_page ocr_carea ocr_par ocr_line ocrx_word'/>
</head>
<body>
  <div class='ocr_page' id='page_1' title='image "./clementisxivpon01clemgoog_0147.png"; bbox 0 0 3180 5354; ppageno 0'>
   <div class='ocr_carea' id='block_1_1' title="bbox 763 474 1050 528">
    <p class='ocr_par' dir='ltr' id='par_1_1' title="bbox 763 474 1050 528">
     <span class='ocr_line' id='line_1_1' title="bbox 763 474 1050 528; baseline -0.007 0"><span class='ocrx_word' id='word_1_1' title='bbox 763 474 967 528; x_wconf 59' lang='lat' dir='ltr'>Clitumnus</span> <span class='ocrx_word' id='word_1_2' title='bbox 986 475 1050 528; x_wconf 83' lang='lat' dir='ltr'>xlv</span> 
     </span>
    </p>
   </div>
   <div class='ocr_carea' id='block_1_2' title="bbox 851 649 965 718">
    <p class='ocr_par' dir='ltr' id='par_1_2' title="bbox 851 649 965 718">
     <span class='ocr_line' id='line_1_2' title="bbox 851 649 965 718; baseline 0 0"><span class='ocrx_word' id='word_1_3' title='bbox 851 649 965 718; x_wconf 83' lang='lat' dir='ltr'>CXlX.</span> 
     </span>
    </p>
   </div>
   <div class='ocr_carea' id='block_1_3' title="bbox 717 813 1101 858">
    <p class='ocr_par' dir='ltr' id='par_1_3' title="bbox 717 813 1101 858">
     <span class='ocr_line' id='line_1_3' title="bbox 717 813 1101 858; baseline 0 -2"><span class='ocrx_word' id='word_1_4' title='bbox 717 814 848 858; x_wconf 76' lang='lat' dir='ltr'>DlLRCTO</span> <span class='ocrx_word' id='word_1_5' title='bbox 872 813 961 857; x_wconf 74' lang='lat' dir='ltr'>alato</span> <span class='ocrx_word' id='word_1_6' title='bbox 984 813 1101 857; x_wconf 65' lang='lat' dir='ltr'>boscno</span> 
     </span>
    </p>
   </div>
   <div class='ocr_carea' id='block_1_4' title="bbox 583 917 1222 987">
    <p class='ocr_par' dir='ltr' id='par_1_4' title="bbox 583 917 1222 987">
     <span class='ocr_line' id='line_1_4' title="bbox 583 917 1222 987; baseline -0.005 -8"><span class='ocrx_word' id='word_1_7' title='bbox 583 918 795 980; x_wconf 70' lang='lat' dir='ltr'>manciaco</span> <span class='ocrx_word' id='word_1_8' title='bbox 817 917 1000 985; x_wconf 77' lang='lat' dir='ltr'><strong>CONRADO</strong></span> <span class='ocrx_word' id='word_1_9' title='bbox 1020 917 1222 987; x_wconf 71' lang='lat' dir='ltr'>cosmato,</span> 
     </span>
    </p>
   </div>
   <div class='ocr_carea' id='block_1_5' title="bbox 422 1043 1384 1328">
    <p class='ocr_par' dir='ltr' id='par_1_5' title="bbox 422 1043 1384 1328">
     <span class='ocr_line' id='line_1_5' title="bbox 422 1043 1384 1106; baseline -0.001 -11"><span class='ocrx_word' id='word_1_10' title='bbox 422 1046 552 1096; x_wconf 80' lang='lat' dir='ltr'>arrum</span> <span class='ocrx_word' id='word_1_11' title='bbox 577 1043 727 1093; x_wconf 72' lang='lat' dir='ltr'>sineru</span> <span class='ocrx_word' id='word_1_12' title='bbox 749 1043 876 1092; x_wconf 70' lang='lat' dir='ltr'>naaria</span> <span class='ocrx_word' id='word_1_13' title='bbox 899 1043 945 1091; x_wconf 83' lang='lat' dir='ltr'>oa</span> <span class='ocrx_word' id='word_1_14' title='bbox 968 1044 1114 1093; x_wconf 80' lang='lat' dir='ltr'>roruuo</span> <span class='ocrx_word' id='word_1_15' title='bbox 1129 1044 1384 1106; x_wconf 74' lang='lat' dir='ltr'>caesariano,</span> 
     </span>
     <span class='ocr_line' id='line_1_6' title="bbox 669 1148 1137 1209; baseline 0 -12"><span class='ocrx_word' id='word_1_16' title='bbox 669 1148 798 1197; x_wconf 72' lang='lat' dir='ltr'>sauma</span> <span class='ocrx_word' id='word_1_17' title='bbox 814 1148 953 1198; x_wconf 70' lang='lat' dir='ltr'>nonaum</span> <span class='ocrx_word' id='word_1_18' title='bbox 967 1149 1137 1209; x_wconf 75' lang='lat' dir='ltr'>occuram,</span> 
     </span>
     <span class='ocr_line' id='line_1_7' title="bbox 508 1251 1297 1328; baseline 0 -26"><span class='ocrx_word' id='word_1_19' title='bbox 508 1253 678 1328; x_wconf 71' lang='lat' dir='ltr'>caucinum</span> <span class='ocrx_word' id='word_1_20' title='bbox 694 1251 736 1300; x_wconf 86' lang='lat' dir='ltr'>ua</span> <span class='ocrx_word' id='word_1_21' title='bbox 753 1252 855 1313; x_wconf 85' lang='lat' dir='ltr'>nour,</span> <span class='ocrx_word' id='word_1_22' title='bbox 872 1253 1024 1303; x_wconf 82' lang='lat' dir='ltr'>arrscoro</span> <span class='ocrx_word' id='word_1_23' title='bbox 1040 1254 1297 1314; x_wconf 73' lang='lat' dir='ltr'>conseranensi,</span> 
     </span>
    </p>
   </div>
   <div class='ocr_carea' id='block_1_6' title="bbox 641 1356 1163 1438">
    <p class='ocr_par' dir='ltr' id='par_1_6' title="bbox 641 1356 1163 1438">
     <span class='ocr_line' id='line_1_8' title="bbox 641 1356 1163 1438; baseline 0.006 -3"><span class='ocrx_word' id='word_1_24' title='bbox 641 1356 874 1437; x_wconf 83' lang='lat' dir='ltr'><strong>CLEMENS</strong></span> <span class='ocrx_word' id='word_1_25' title='bbox 901 1358 1029 1437; x_wconf 85' lang='lat' dir='ltr'><strong>PAPA</strong></span> <span class='ocrx_word' id='word_1_26' title='bbox 1056 1360 1163 1438; x_wconf 88' lang='lat' dir='ltr'><strong>XIV.</strong></span> 
     </span>
    </p>
   </div>
   <div class='ocr_carea' id='block_1_7' title="bbox 1059 1530 1411 1589">
    <p class='ocr_par' dir='ltr' id='par_1_7' title="bbox 1059 1530 1411 1589">
     <span class='ocr_line' id='line_1_9' title="bbox 1059 1530 1411 1589; baseline 0 -9"><span class='ocrx_word' id='word_1_27' title='bbox 1059 1532 1157 1589; x_wconf 76' lang='lat' dir='ltr'>ncnc,</span> <span class='ocrx_word' id='word_1_28' title='bbox 1173 1536 1181 1579; x_wconf 93' lang='lat' dir='ltr'>t</span> <span class='ocrx_word' id='word_1_29' title='bbox 1194 1530 1327 1580; x_wconf 86' lang='lat' dir='ltr'>decembris</span> <span class='ocrx_word' id='word_1_30' title='bbox 1343 1535 1411 1581; x_wconf 77' lang='lat'>¹770.</span> 
     </span>
    </p>
   </div>
   <div class='ocr_carea' id='block_1_8' title="bbox 316 1639 1555 4555">
    <p class='ocr_par' dir='ltr' id='par_1_8' title="bbox 316 1639 1555 4555">
     <span class='ocr_line' id='line_1_10' title="bbox 368 1639 1476 1722; baseline 0.003 -21"><span class='ocrx_word' id='word_1_31' title='bbox 368 1642 498 1711; x_wconf 79' lang='lat' dir='ltr'>Dilecto,</span> <span class='ocrx_word' id='word_1_32' title='bbox 516 1646 570 1700; x_wconf 88' lang='lat' dir='ltr'>etc.</span> <span class='ocrx_word' id='word_1_33' title='bbox 588 1639 754 1701; x_wconf 75' lang='lat' dir='ltr'>iucundius</span> <span class='ocrx_word' id='word_1_34' title='bbox 775 1641 891 1703; x_wconf 91' lang='lat' dir='ltr'>nultum</span> <span class='ocrx_word' id='word_1_35' title='bbox 910 1658 973 1702; x_wconf 86' lang='lat' dir='ltr'>esse</span> <span class='ocrx_word' id='word_1_36' title='bbox 991 1647 1092 1720; x_wconf 83' lang='lat' dir='ltr'>potest</span> <span class='ocrx_word' id='word_1_37' title='bbox 1107 1639 1241 1702; x_wconf 85' lang='lat' dir='ltr'>officium</span> <span class='ocrx_word' id='word_1_38' title='bbox 1263 1647 1368 1718; x_wconf 87' lang='lat' dir='ltr'>tuum,</span> <span class='ocrx_word' id='word_1_39' title='bbox 1383 1659 1476 1722; x_wconf 90' lang='lat' dir='ltr'>quam</span> 
     </span>
     <span class='ocr_line' id='line_1_11' title="bbox 327 1735 1475 1819; baseline 0.001 -20"><span class='ocrx_word' id='word_1_40' title='bbox 327 1758 389 1818; x_wconf 94' lang='lat' dir='ltr'>quo</span> <span class='ocrx_word' id='word_1_41' title='bbox 411 1738 550 1798; x_wconf 74' lang='lat' dir='ltr'>Ecclesia</span> <span class='ocrx_word' id='word_1_42' title='bbox 564 1735 715 1817; x_wconf 88' lang='lat' dir='ltr'>Nobisque</span> <span class='ocrx_word' id='word_1_43' title='bbox 730 1737 889 1817; x_wconf 88' lang='lat' dir='ltr'>gratularis</span> <span class='ocrx_word' id='word_1_44' title='bbox 908 1737 946 1798; x_wconf 89' lang='lat' dir='ltr'>de</span> <span class='ocrx_word' id='word_1_45' title='bbox 967 1736 1168 1816; x_wconf 82' lang='lat' dir='ltr'>redintegrata</span> <span class='ocrx_word' id='word_1_46' title='bbox 1181 1735 1262 1799; x_wconf 81' lang='lat' dir='ltr'>hisce</span> <span class='ocrx_word' id='word_1_47' title='bbox 1276 1739 1475 1819; x_wconf 84' lang='lat' dir='ltr'>temporibus,</span> 
     </span>
     <span class='ocr_line' id='line_1_12' title="bbox 329 1834 1476 1916; baseline 0.003 -21"><span class='ocrx_word' id='word_1_48' title='bbox 329 1837 407 1897; x_wconf 87' lang='lat' dir='ltr'>inter</span> <span class='ocrx_word' id='word_1_49' title='bbox 418 1835 711 1916; x_wconf 85' lang='lat' dir='ltr'>Apostolicambanc</span> <span class='ocrx_word' id='word_1_50' title='bbox 727 1835 845 1914; x_wconf 86' lang='lat' dir='ltr'>Sedem,</span> <span class='ocrx_word' id='word_1_51' title='bbox 860 1843 891 1898; x_wconf 89' lang='lat' dir='ltr'>ct</span> <span class='ocrx_word' id='word_1_52' title='bbox 908 1835 1067 1898; x_wconf 76' lang='lat' dir='ltr'>Lusitania</span> <span class='ocrx_word' id='word_1_53' title='bbox 1079 1836 1216 1915; x_wconf 79' lang='lat' dir='ltr'>Regnum</span> <span class='ocrx_word' id='word_1_54' title='bbox 1228 1834 1354 1916; x_wconf 85' lang='lat' dir='ltr'>pristina</span> <span class='ocrx_word' id='word_1_55' title='bbox 1367 1854 1476 1898; x_wconf 85' lang='lat' dir='ltr'>neces-</span> 
     </span>
     <span class='ocr_line' id='line_1_13' title="bbox 329 1932 1474 2014; baseline 0.003 -21"><span class='ocrx_word' id='word_1_56' title='bbox 329 1933 494 1994; x_wconf 90' lang='lat' dir='ltr'>situdinum</span> <span class='ocrx_word' id='word_1_57' title='bbox 510 1933 645 1993; x_wconf 92' lang='lat' dir='ltr'>omnium</span> <span class='ocrx_word' id='word_1_58' title='bbox 657 1932 885 1995; x_wconf 88' lang='lat' dir='ltr'>consuetudine.</span> <span class='ocrx_word' id='word_1_59' title='bbox 901 1935 945 1993; x_wconf 86' lang='lat' dir='ltr'>En</span> <span class='ocrx_word' id='word_1_60' title='bbox 955 1932 1020 2014; x_wconf 88' lang='lat' dir='ltr'>ipso</span> <span class='ocrx_word' id='word_1_61' title='bbox 1031 1932 1174 2013; x_wconf 76' lang='lat' dir='ltr'>praeclara</span> <span class='ocrx_word' id='word_1_62' title='bbox 1185 1940 1238 1994; x_wconf 91' lang='lat' dir='ltr'>tua</span> <span class='ocrx_word' id='word_1_63' title='bbox 1250 1952 1315 1994; x_wconf 90' lang='lat' dir='ltr'>essc</span> <span class='ocrx_word' id='word_1_64' title='bbox 1330 1951 1400 2012; x_wconf 85' lang='lat' dir='ltr'>arga</span> <span class='ocrx_word' id='word_1_65' title='bbox 1412 1936 1474 1996; x_wconf 83' lang='lat' dir='ltr'>Nos</span> 
     </span>
     <span class='ocr_line' id='line_1_14' title="bbox 327 2028 1475 2110; baseline 0.002 -20"><span class='ocrx_word' id='word_1_66' title='bbox 327 2029 426 2090; x_wconf 86' lang='lat' dir='ltr'>studia</span> <span class='ocrx_word' id='word_1_67' title='bbox 446 2036 572 2110; x_wconf 86' lang='lat' dir='ltr'>tuosque</span> <span class='ocrx_word' id='word_1_68' title='bbox 585 2030 651 2107; x_wconf 82' lang='lat' dir='ltr'>jam</span> <span class='ocrx_word' id='word_1_69' title='bbox 673 2035 761 2090; x_wconf 89' lang='lat' dir='ltr'>antea</span> <span class='ocrx_word' id='word_1_70' title='bbox 784 2028 1040 2109; x_wconf 85' lang='lat' dir='ltr'>perspectissimos</span> <span class='ocrx_word' id='word_1_71' title='bbox 1061 2029 1092 2089; x_wconf 91' lang='lat' dir='ltr'>in</span> <span class='ocrx_word' id='word_1_72' title='bbox 1105 2029 1247 2090; x_wconf 80' lang='lat' dir='ltr'><strong>Sanctam</strong></span> <span class='ocrx_word' id='word_1_73' title='bbox 1267 2028 1345 2090; x_wconf 92' lang='lat' dir='ltr'>hanc</span> <span class='ocrx_word' id='word_1_74' title='bbox 1365 2030 1475 2092; x_wconf 88' lang='lat' dir='ltr'>Sedem</span> 
     </span>
     <span class='ocr_line' id='line_1_15' title="bbox 326 2124 1474 2208; baseline 0.003 -21"><span class='ocrx_word' id='word_1_75' title='bbox 326 2127 540 2203; x_wconf 79' lang='lat' dir='ltr'>observantiae‚</span> <span class='ocrx_word' id='word_1_76' title='bbox 562 2126 644 2203; x_wconf 86' lang='lat' dir='ltr'>fidoi,</span> <span class='ocrx_word' id='word_1_77' title='bbox 669 2144 704 2187; x_wconf 89' lang='lat' dir='ltr'>ac</span> <span class='ocrx_word' id='word_1_78' title='bbox 725 2124 892 2187; x_wconf 88' lang='lat' dir='ltr'>devotionis</span> <span class='ocrx_word' id='word_1_79' title='bbox 910 2144 1016 2187; x_wconf 89' lang='lat' dir='ltr'>sensus</span> <span class='ocrx_word' id='word_1_80' title='bbox 1037 2127 1094 2186; x_wconf 91' lang='lat' dir='ltr'>isto</span> <span class='ocrx_word' id='word_1_81' title='bbox 1112 2125 1221 2205; x_wconf 87' lang='lat' dir='ltr'>gaudio</span> <span class='ocrx_word' id='word_1_82' title='bbox 1243 2145 1261 2187; x_wconf 94' lang='lat' dir='ltr'>a</span> <span class='ocrx_word' id='word_1_83' title='bbox 1279 2133 1308 2187; x_wconf 89' lang='lat' dir='ltr'>te</span> <span class='ocrx_word' id='word_1_84' title='bbox 1331 2135 1474 2208; x_wconf 86' lang='lat' dir='ltr'>percepto</span> 
     </span>
     <span class='ocr_line' id='line_1_16' title="bbox 326 2224 1473 2306; baseline 0.001 -21"><span class='ocrx_word' id='word_1_85' title='bbox 326 2225 543 2305; x_wconf 86' lang='lat' dir='ltr'>perspectiores</span> <span class='ocrx_word' id='word_1_86' title='bbox 564 2225 660 2287; x_wconf 91' lang='lat' dir='ltr'>multo</span> <span class='ocrx_word' id='word_1_87' title='bbox 674 2225 908 2306; x_wconf 84' lang='lat' dir='ltr'>illustrioresque</span> <span class='ocrx_word' id='word_1_88' title='bbox 921 2224 1092 2286; x_wconf 80' lang='lat' dir='ltr'><strong>declarasti.</strong></span> <span class='ocrx_word' id='word_1_89' title='bbox 1116 2224 1201 2297; x_wconf 87' lang='lat' dir='ltr'>Quod</span> <span class='ocrx_word' id='word_1_90' title='bbox 1222 2224 1344 2303; x_wconf 86' lang='lat' dir='ltr'>quidem</span> <span class='ocrx_word' id='word_1_91' title='bbox 1360 2225 1473 2303; x_wconf 86' lang='lat' dir='ltr'>Nobis,</span> 
     </span>
     <span class='ocr_line' id='line_1_17' title="bbox 326 2319 1475 2401; baseline 0.002 -20"><span class='ocrx_word' id='word_1_92' title='bbox 326 2340 377 2401; x_wconf 87' lang='lat' dir='ltr'>qur</span> <span class='ocrx_word' id='word_1_93' title='bbox 394 2322 477 2382; x_wconf 91' lang='lat' dir='ltr'>teob</span> <span class='ocrx_word' id='word_1_94' title='bbox 491 2328 612 2382; x_wconf 92' lang='lat' dir='ltr'>tuorum</span> <span class='ocrx_word' id='word_1_95' title='bbox 628 2321 806 2383; x_wconf 89' lang='lat' dir='ltr'>meritorum</span> <span class='ocrx_word' id='word_1_96' title='bbox 825 2320 1027 2401; x_wconf 76' lang='lat' dir='ltr'>praestantiam</span> <span class='ocrx_word' id='word_1_97' title='bbox 1045 2319 1191 2396; x_wconf 76' lang='lat' dir='ltr'>maiorem</span> <span class='ocrx_word' id='word_1_98' title='bbox 1206 2319 1236 2379; x_wconf 92' lang='lat' dir='ltr'>in</span> <span class='ocrx_word' id='word_1_99' title='bbox 1262 2319 1387 2381; x_wconf 93' lang='lat' dir='ltr'>modum</span> <span class='ocrx_word' id='word_1_100' title='bbox 1402 2321 1475 2383; x_wconf 92' lang='lat' dir='ltr'>dili-</span> 
     </span>
     <span class='ocr_line' id='line_1_18' title="bbox 324 2415 1475 2499; baseline 0.003 -21"><span class='ocrx_word' id='word_1_101' title='bbox 324 2418 441 2497; x_wconf 83' lang='lat' dir='ltr'>gimus,</span> <span class='ocrx_word' id='word_1_102' title='bbox 454 2436 580 2499; x_wconf 74' lang='lat' dir='ltr'>qumque</span> <span class='ocrx_word' id='word_1_103' title='bbox 595 2428 654 2480; x_wconf 89' lang='lat' dir='ltr'>ate</span> <span class='ocrx_word' id='word_1_104' title='bbox 665 2417 895 2498; x_wconf 86' lang='lat' dir='ltr'>proficiscuntur</span> <span class='ocrx_word' id='word_1_105' title='bbox 914 2416 1016 2477; x_wconf 89' lang='lat' dir='ltr'>onmia</span> <span class='ocrx_word' id='word_1_106' title='bbox 1028 2415 1209 2495; x_wconf 78' lang='lat' dir='ltr'>perlibenter</span> <span class='ocrx_word' id='word_1_107' title='bbox 1228 2416 1411 2496; x_wconf 85' lang='lat' dir='ltr'>excipimus,</span> <span class='ocrx_word' id='word_1_108' title='bbox 1427 2429 1475 2482; x_wconf 88' lang='lat' dir='ltr'>est</span> 
     </span>
     <span class='ocr_line' id='line_1_19' title="bbox 323 2510 1555 2594; baseline -0.001 -19"><span class='ocrx_word' id='word_1_109' title='bbox 323 2516 539 2593; x_wconf 88' lang='lat' dir='ltr'>gratissimum.</span> <span class='ocrx_word' id='word_1_110' title='bbox 557 2515 634 2577; x_wconf 95' lang='lat' dir='ltr'>lllud</span> <span class='ocrx_word' id='word_1_111' title='bbox 650 2524 751 2576; x_wconf 84' lang='lat' dir='ltr'>tamen</span> <span class='ocrx_word' id='word_1_112' title='bbox 762 2521 815 2576; x_wconf 91' lang='lat' dir='ltr'>tua</span> <span class='ocrx_word' id='word_1_113' title='bbox 828 2533 899 2593; x_wconf 87' lang='lat' dir='ltr'>erga</span> <span class='ocrx_word' id='word_1_114' title='bbox 919 2514 979 2574; x_wconf 90' lang='lat' dir='ltr'>Nos</span> <span class='ocrx_word' id='word_1_115' title='bbox 998 2510 1065 2572; x_wconf 83' lang='lat' dir='ltr'>freti</span> <span class='ocrx_word' id='word_1_116' title='bbox 1087 2511 1197 2591; x_wconf 89' lang='lat' dir='ltr'>pietate</span> <span class='ocrx_word' id='word_1_117' title='bbox 1213 2529 1230 2571; x_wconf 90' lang='lat' dir='ltr'><strong>a</strong></span> <span class='ocrx_word' id='word_1_118' title='bbox 1246 2518 1275 2573; x_wconf 87' lang='lat' dir='ltr'>te</span> <span class='ocrx_word' id='word_1_119' title='bbox 1287 2530 1473 2594; x_wconf 75' lang='lat' dir='ltr'>magnopere</span> <span class='ocrx_word' id='word_1_120' title='bbox 1552 2567 1555 2574; x_wconf 90' lang='lat'>.</span> 
     </span>
     <span class='ocr_line' id='line_1_20' title="bbox 323 2608 1472 2695; baseline 0.002 -22"><span class='ocrx_word' id='word_1_121' title='bbox 323 2613 465 2693; x_wconf 87' lang='lat' dir='ltr'>petimus,</span> <span class='ocrx_word' id='word_1_122' title='bbox 489 2622 522 2676; x_wconf 91' lang='lat' dir='ltr'>ut</span> <span class='ocrx_word' id='word_1_123' title='bbox 540 2631 736 2695; x_wconf 79' lang='lat' dir='ltr'>quaecumque</span> <span class='ocrx_word' id='word_1_124' title='bbox 760 2631 797 2673; x_wconf 85' lang='lat' dir='ltr'>cx</span> <span class='ocrx_word' id='word_1_125' title='bbox 817 2629 855 2673; x_wconf 90' lang='lat' dir='ltr'>eo</span> <span class='ocrx_word' id='word_1_126' title='bbox 869 2610 950 2671; x_wconf 89' lang='lat' dir='ltr'>lacto</span> <span class='ocrx_word' id='word_1_127' title='bbox 968 2608 1114 2690; x_wconf 88' lang='lat' dir='ltr'>prodierit</span> <span class='ocrx_word' id='word_1_128' title='bbox 1127 2608 1242 2687; x_wconf 85' lang='lat' dir='ltr'>gloria,</span> <span class='ocrx_word' id='word_1_129' title='bbox 1261 2627 1328 2669; x_wconf 89' lang='lat' dir='ltr'>eam</span> <span class='ocrx_word' id='word_1_130' title='bbox 1348 2629 1472 2675; x_wconf 83' lang='lat' dir='ltr'>omnem</span> 
     </span>
     <span class='ocr_line' id='line_1_21' title="bbox 322 2707 1473 2791; baseline 0.002 -20"><span class='ocrx_word' id='word_1_131' title='bbox 322 2730 393 2772; x_wconf 91' lang='lat' dir='ltr'>cum</span> <span class='ocrx_word' id='word_1_132' title='bbox 405 2712 565 2774; x_wconf 87' lang='lat' dir='ltr'>immortali</span> <span class='ocrx_word' id='word_1_133' title='bbox 577 2711 741 2791; x_wconf 81' lang='lat' dir='ltr'>gratiarum</span> <span class='ocrx_word' id='word_1_134' title='bbox 753 2709 841 2771; x_wconf 87' lang='lat' dir='ltr'>laude</span> <span class='ocrx_word' id='word_1_135' title='bbox 859 2708 970 2770; x_wconf 85' lang='lat' dir='ltr'>reseras</span> <span class='ocrx_word' id='word_1_136' title='bbox 984 2707 1024 2769; x_wconf 88' lang='lat' dir='ltr'>ad</span> <span class='ocrx_word' id='word_1_137' title='bbox 1037 2713 1191 2768; x_wconf 73' lang='lat' dir='ltr'>auctorem</span> <span class='ocrx_word' id='word_1_138' title='bbox 1203 2713 1357 2769; x_wconf 89' lang='lat' dir='ltr'>tantorum</span> <span class='ocrx_word' id='word_1_139' title='bbox 1375 2708 1473 2773; x_wconf 77' lang='lat' dir='ltr'>bono</span> 
     </span>
     <span class='ocr_line' id='line_1_22' title="bbox 322 2802 1472 2890; baseline 0 -20"><span class='ocrx_word' id='word_1_140' title='bbox 322 2828 390 2871; x_wconf 89' lang='lat' dir='ltr'>rum</span> <span class='ocrx_word' id='word_1_141' title='bbox 412 2813 523 2886; x_wconf 83' lang='lat' dir='ltr'>Deum,</span> <span class='ocrx_word' id='word_1_142' title='bbox 538 2816 568 2870; x_wconf 88' lang='lat' dir='ltr'>et</span> <span class='ocrx_word' id='word_1_143' title='bbox 584 2825 780 2890; x_wconf 75' lang='lat' dir='ltr'>quaecumque</span> <span class='ocrx_word' id='word_1_144' title='bbox 798 2805 890 2868; x_wconf 87' lang='lat' dir='ltr'>etiam</span> <span class='ocrx_word' id='word_1_145' title='bbox 909 2804 1106 2887; x_wconf 89' lang='lat' dir='ltr'>imposterum</span> <span class='ocrx_word' id='word_1_146' title='bbox 1129 2802 1292 2865; x_wconf 87' lang='lat' dir='ltr'>desiderari</span> <span class='ocrx_word' id='word_1_147' title='bbox 1314 2806 1410 2882; x_wconf 89' lang='lat' dir='ltr'>nosti,</span> <span class='ocrx_word' id='word_1_148' title='bbox 1432 2810 1472 2870; x_wconf 89' lang='lat' dir='ltr'>ab</span> 
     </span>
     <span class='ocr_line' id='line_1_23' title="bbox 321 2892 1472 2990; baseline -0.002 -22"><span class='ocrx_word' id='word_1_149' title='bbox 321 2909 428 2970; x_wconf 85' lang='lat' dir='ltr'>eodem</span> <span class='ocrx_word' id='word_1_150' title='bbox 445 2892 596 2990; x_wconf 84' lang='lat' dir='ltr'>postules,</span> <span class='ocrx_word' id='word_1_151' title='bbox 615 2907 653 2967; x_wconf 87' lang='lat' dir='ltr'>ab</span> <span class='ocrx_word' id='word_1_152' title='bbox 676 2905 801 2986; x_wconf 86' lang='lat' dir='ltr'>ejusque</span> <span class='ocrx_word' id='word_1_153' title='bbox 818 2921 890 2982; x_wconf 90' lang='lat' dir='ltr'>erga</span> <span class='ocrx_word' id='word_1_154' title='bbox 911 2903 972 2964; x_wconf 90' lang='lat' dir='ltr'>Nos</span> <span class='ocrx_word' id='word_1_155' title='bbox 987 2900 1170 2980; x_wconf 81' lang='lat' dir='ltr'>benignitate</span> <span class='ocrx_word' id='word_1_156' title='bbox 1188 2902 1375 2981; x_wconf 86' lang='lat' dir='ltr'>expectanda</span> <span class='ocrx_word' id='word_1_157' title='bbox 1399 2910 1472 2966; x_wconf 91' lang='lat' dir='ltr'>tan-</span> 
     </span>
     <span class='ocr_line' id='line_1_24' title="bbox 322 2998 1471 3085; baseline -0.003 -17"><span class='ocrx_word' id='word_1_158' title='bbox 322 3007 480 3070; x_wconf 91' lang='lat' dir='ltr'>tummodo</span> <span class='ocrx_word' id='word_1_159' title='bbox 499 3005 660 3069; x_wconf 76' lang='lat' dir='ltr'>existimes.</span> <span class='ocrx_word' id='word_1_160' title='bbox 680 3006 795 3066; x_wconf 87' lang='lat' dir='ltr'>Nostrae</span> <span class='ocrx_word' id='word_1_161' title='bbox 810 3005 871 3065; x_wconf 90' lang='lat' dir='ltr'>Nos</span> <span class='ocrx_word' id='word_1_162' title='bbox 889 3011 968 3064; x_wconf 90' lang='lat' dir='ltr'>certe</span> <span class='ocrx_word' id='word_1_163' title='bbox 986 2998 1197 3062; x_wconf 84' lang='lat' dir='ltr'>imbecillitatis</span> <span class='ocrx_word' id='word_1_164' title='bbox 1220 3000 1332 3062; x_wconf 93' lang='lat' dir='ltr'>conscii</span> <span class='ocrx_word' id='word_1_165' title='bbox 1350 3005 1471 3085; x_wconf 89' lang='lat' dir='ltr'>perspi-</span> 
     </span>
     <span class='ocr_line' id='line_1_25' title="bbox 320 3099 1470 3186; baseline -0.003 -19"><span class='ocrx_word' id='word_1_166' title='bbox 320 3124 411 3167; x_wconf 83' lang='lat' dir='ltr'>cuam</span> <span class='ocrx_word' id='word_1_167' title='bbox 434 3112 672 3186; x_wconf 67' lang='lat' dir='ltr'>praesentemque</span> <span class='ocrx_word' id='word_1_168' title='bbox 695 3103 830 3183; x_wconf 86' lang='lat' dir='ltr'>ejusdem</span> <span class='ocrx_word' id='word_1_169' title='bbox 853 3120 943 3184; x_wconf 88' lang='lat' dir='ltr'>opem</span> <span class='ocrx_word' id='word_1_170' title='bbox 965 3101 995 3162; x_wconf 92' lang='lat' dir='ltr'>in</span> <span class='ocrx_word' id='word_1_171' title='bbox 1017 3099 1171 3163; x_wconf 88' lang='lat' dir='ltr'>laboribus</span> <span class='ocrx_word' id='word_1_172' title='bbox 1195 3099 1334 3180; x_wconf 83' lang='lat' dir='ltr'>curisque</span> <span class='ocrx_word' id='word_1_173' title='bbox 1359 3103 1470 3164; x_wconf 87' lang='lat' dir='ltr'>uostris</span> 
     </span>
     <span class='ocr_line' id='line_1_26' title="bbox 320 3197 1469 3283; baseline 0 -21"><span class='ocrx_word' id='word_1_174' title='bbox 320 3220 376 3282; x_wconf 90' lang='lat' dir='ltr'>pro</span> <span class='ocrx_word' id='word_1_175' title='bbox 388 3221 443 3263; x_wconf 90' lang='lat' dir='ltr'>sua</span> <span class='ocrx_word' id='word_1_176' title='bbox 453 3203 549 3281; x_wconf 89' lang='lat' dir='ltr'>gloria</span> <span class='ocrx_word' id='word_1_177' title='bbox 560 3202 706 3283; x_wconf 84' lang='lat' dir='ltr'>susceptis</span> <span class='ocrx_word' id='word_1_178' title='bbox 721 3200 759 3263; x_wconf 92' lang='lat' dir='ltr'>ad</span> <span class='ocrx_word' id='word_1_179' title='bbox 773 3200 909 3280; x_wconf 81' lang='lat' dir='ltr'>ejusdem</span> <span class='ocrx_word' id='word_1_180' title='bbox 921 3200 1138 3261; x_wconf 86' lang='lat' dir='ltr'>incrementum</span> <span class='ocrx_word' id='word_1_181' title='bbox 1152 3197 1350 3279; x_wconf 86' lang='lat' dir='ltr'>provehendis</span> <span class='ocrx_word' id='word_1_182' title='bbox 1360 3204 1390 3261; x_wconf 89' lang='lat' dir='ltr'>et</span> <span class='ocrx_word' id='word_1_183' title='bbox 1403 3217 1469 3262; x_wconf 87' lang='lat' dir='ltr'>son·</span> 
     </span>
     <span class='ocr_line' id='line_1_27' title="bbox 321 3293 1468 3378; baseline 0.001 -18"><span class='ocrx_word' id='word_1_184' title='bbox 321 3300 411 3360; x_wconf 89' lang='lat' dir='ltr'>timus</span> <span class='ocrx_word' id='word_1_185' title='bbox 432 3306 462 3360; x_wconf 90' lang='lat' dir='ltr'>ot</span> <span class='ocrx_word' id='word_1_186' title='bbox 479 3301 678 3378; x_wconf 82' lang='lat' dir='ltr'>agnoscimus.</span> <span class='ocrx_word' id='word_1_187' title='bbox 701 3298 885 3359; x_wconf 89' lang='lat' dir='ltr'>Permolesta</span> <span class='ocrx_word' id='word_1_188' title='bbox 901 3315 991 3376; x_wconf 89' lang='lat' dir='ltr'>porro</span> <span class='ocrx_word' id='word_1_189' title='bbox 1007 3293 1100 3354; x_wconf 91' lang='lat' dir='ltr'>Nobis</span> <span class='ocrx_word' id='word_1_190' title='bbox 1114 3296 1222 3359; x_wconf 87' lang='lat' dir='ltr'>accidit</span> <span class='ocrx_word' id='word_1_191' title='bbox 1236 3317 1304 3378; x_wconf 81' lang='lat' dir='ltr'>quae</span> <span class='ocrx_word' id='word_1_192' title='bbox 1317 3299 1408 3360; x_wconf 88' lang='lat' dir='ltr'>altera</span> <span class='ocrx_word' id='word_1_193' title='bbox 1421 3308 1468 3361; x_wconf 81' lang='lat' dir='ltr'>cst</span> 
     </span>
     <span class='ocr_line' id='line_1_28' title="bbox 320 3389 1467 3476; baseline 0.002 -20"><span class='ocrx_word' id='word_1_194' title='bbox 320 3395 454 3476; x_wconf 83' lang='lat' dir='ltr'>epistolae</span> <span class='ocrx_word' id='word_1_195' title='bbox 471 3402 530 3456; x_wconf 88' lang='lat' dir='ltr'>tuae</span> <span class='ocrx_word' id='word_1_196' title='bbox 543 3415 625 3476; x_wconf 87' lang='lat' dir='ltr'>pars,</span> <span class='ocrx_word' id='word_1_197' title='bbox 643 3415 680 3458; x_wconf 86' lang='lat' dir='ltr'>ex</span> <span class='ocrx_word' id='word_1_198' title='bbox 698 3412 760 3475; x_wconf 88' lang='lat' dir='ltr'>qua</span> <span class='ocrx_word' id='word_1_199' title='bbox 778 3399 809 3455; x_wconf 93' lang='lat' dir='ltr'>te</span> <span class='ocrx_word' id='word_1_200' title='bbox 819 3393 908 3472; x_wconf 88' lang='lat' dir='ltr'>justis</span> <span class='ocrx_word' id='word_1_201' title='bbox 926 3391 964 3452; x_wconf 93' lang='lat' dir='ltr'>de</span> <span class='ocrx_word' id='word_1_202' title='bbox 984 3389 1083 3452; x_wconf 89' lang='lat' dir='ltr'>causis</span> <span class='ocrx_word' id='word_1_203' title='bbox 1102 3393 1218 3456; x_wconf 91' lang='lat' dir='ltr'>assidue</span> <span class='ocrx_word' id='word_1_204' title='bbox 1230 3395 1298 3475; x_wconf 91' lang='lat' dir='ltr'>angi</span> <span class='ocrx_word' id='word_1_205' title='bbox 1309 3399 1467 3475; x_wconf 87' lang='lat' dir='ltr'>cognosci-</span> 
     </span>
     <span class='ocr_line' id='line_1_29' title="bbox 320 3488 1467 3574; baseline 0 -18"><span class='ocrx_word' id='word_1_206' title='bbox 320 3513 399 3558; x_wconf 90' lang='lat' dir='ltr'>mus.</span> <span class='ocrx_word' id='word_1_207' title='bbox 413 3497 483 3570; x_wconf 87' lang='lat' dir='ltr'>Quae</span> <span class='ocrx_word' id='word_1_208' title='bbox 495 3494 616 3574; x_wconf 91' lang='lat' dir='ltr'>quidem</span> <span class='ocrx_word' id='word_1_209' title='bbox 629 3512 728 3556; x_wconf 89' lang='lat' dir='ltr'>causae</span> <span class='ocrx_word' id='word_1_210' title='bbox 742 3510 779 3553; x_wconf 86' lang='lat' dir='ltr'>cx</span> <span class='ocrx_word' id='word_1_211' title='bbox 791 3491 898 3571; x_wconf 88' lang='lat' dir='ltr'>teipso</span> <span class='ocrx_word' id='word_1_212' title='bbox 909 3488 1056 3566; x_wconf 85' lang='lat' dir='ltr'>conjicere</span> <span class='ocrx_word' id='word_1_213' title='bbox 1066 3488 1152 3552; x_wconf 82' lang='lat' dir='ltr'>facile</span> <span class='ocrx_word' id='word_1_214' title='bbox 1161 3499 1263 3571; x_wconf 86' lang='lat' dir='ltr'>potes,</span> <span class='ocrx_word' id='word_1_215' title='bbox 1274 3499 1387 3574; x_wconf 91' lang='lat' dir='ltr'>quanta</span> <span class='ocrx_word' id='word_1_216' title='bbox 1397 3512 1467 3557; x_wconf 91' lang='lat' dir='ltr'>nos-</span> 
     </span>
     <span class='ocr_line' id='line_1_30' title="bbox 321 3584 1467 3672; baseline -0.001 -17"><span class='ocrx_word' id='word_1_217' title='bbox 321 3602 401 3655; x_wconf 90' lang='lat' dir='ltr'>trum</span> <span class='ocrx_word' id='word_1_218' title='bbox 423 3593 557 3656; x_wconf 90' lang='lat' dir='ltr'>animum</span> <span class='ocrx_word' id='word_1_219' title='bbox 574 3591 687 3655; x_wconf 90' lang='lat' dir='ltr'>doloris</span> <span class='ocrx_word' id='word_1_220' title='bbox 701 3586 864 3650; x_wconf 86' lang='lat' dir='ltr'>acerbitate</span> <span class='ocrx_word' id='word_1_221' title='bbox 881 3584 1055 3667; x_wconf 83' lang='lat' dir='ltr'>percellant.</span> <span class='ocrx_word' id='word_1_222' title='bbox 1072 3587 1130 3647; x_wconf 92' lang='lat' dir='ltr'>Sed</span> <span class='ocrx_word' id='word_1_223' title='bbox 1151 3608 1222 3651; x_wconf 94' lang='lat' dir='ltr'>cum</span> <span class='ocrx_word' id='word_1_224' title='bbox 1240 3589 1321 3672; x_wconf 92' lang='lat' dir='ltr'>quod</span> <span class='ocrx_word' id='word_1_225' title='bbox 1331 3594 1467 3656; x_wconf 86' lang='lat' dir='ltr'>muneris</span> 
     </span>
     <span class='ocr_line' id='line_1_31' title="bbox 319 3680 1467 3770; baseline -0.001 -17"><span class='ocrx_word' id='word_1_226' title='bbox 319 3692 414 3753; x_wconf 88' lang='lat' dir='ltr'>nostri</span> <span class='ocrx_word' id='word_1_227' title='bbox 428 3699 489 3768; x_wconf 84' lang='lat' dir='ltr'>est,</span> <span class='ocrx_word' id='word_1_228' title='bbox 501 3708 557 3770; x_wconf 90' lang='lat' dir='ltr'>pro</span> <span class='ocrx_word' id='word_1_229' title='bbox 575 3694 678 3751; x_wconf 92' lang='lat' dir='ltr'>nostra</span> <span class='ocrx_word' id='word_1_230' title='bbox 698 3685 758 3746; x_wconf 87' lang='lat' dir='ltr'>fide</span> <span class='ocrx_word' id='word_1_231' title='bbox 772 3701 808 3745; x_wconf 91' lang='lat' dir='ltr'>ac</span> <span class='ocrx_word' id='word_1_232' title='bbox 822 3680 962 3762; x_wconf 86' lang='lat' dir='ltr'>religione</span> <span class='ocrx_word' id='word_1_233' title='bbox 975 3681 1142 3762; x_wconf 87' lang='lat' dir='ltr'>egerimus,</span> <span class='ocrx_word' id='word_1_234' title='bbox 1162 3704 1253 3749; x_wconf 91' lang='lat' dir='ltr'>omne</span> <span class='ocrx_word' id='word_1_235' title='bbox 1270 3707 1289 3750; x_wconf 93' lang='lat' dir='ltr'><strong>a</strong></span> <span class='ocrx_word' id='word_1_236' title='bbox 1302 3689 1363 3749; x_wconf 86' lang='lat' dir='ltr'>Deo</span> <span class='ocrx_word' id='word_1_237' title='bbox 1382 3690 1467 3753; x_wconf 91' lang='lat' dir='ltr'>sola-</span> 
     </span>
     <span class='ocr_line' id='line_1_32' title="bbox 320 3775 1467 3863; baseline 0.003 -15"><span class='ocrx_word' id='word_1_238' title='bbox 320 3804 409 3863; x_wconf 90' lang='lat' dir='ltr'>men,</span> <span class='ocrx_word' id='word_1_239' title='bbox 433 3806 469 3848; x_wconf 85' lang='lat' dir='ltr'>ac</span> <span class='ocrx_word' id='word_1_240' title='bbox 483 3786 619 3847; x_wconf 88' lang='lat' dir='ltr'>levamen</span> <span class='ocrx_word' id='word_1_241' title='bbox 636 3781 762 3844; x_wconf 86' lang='lat' dir='ltr'>tidenter</span> <span class='ocrx_word' id='word_1_242' title='bbox 775 3775 995 3859; x_wconf 84' lang='lat' dir='ltr'>expectandum</span> <span class='ocrx_word' id='word_1_243' title='bbox 1013 3796 1077 3841; x_wconf 86' lang='lat' dir='ltr'>esse</span> <span class='ocrx_word' id='word_1_244' title='bbox 1092 3780 1273 3861; x_wconf 87' lang='lat' dir='ltr'>judicamus.</span> <span class='ocrx_word' id='word_1_245' title='bbox 1293 3786 1380 3860; x_wconf 87' lang='lat' dir='ltr'>Quod</span> <span class='ocrx_word' id='word_1_246' title='bbox 1393 3806 1467 3851; x_wconf 86' lang='lat' dir='ltr'>vero</span> 
     </span>
     <span class='ocr_line' id='line_1_33' title="bbox 316 3877 1466 3961; baseline 0.002 -15"><span class='ocrx_word' id='word_1_247' title='bbox 316 3883 359 3947; x_wconf 92' lang='lat' dir='ltr'>ad</span> <span class='ocrx_word' id='word_1_248' title='bbox 371 3891 438 3945; x_wconf 90' lang='lat' dir='ltr'>tuas</span> <span class='ocrx_word' id='word_1_249' title='bbox 452 3882 590 3961; x_wconf 89' lang='lat' dir='ltr'>querelas</span> <span class='ocrx_word' id='word_1_250' title='bbox 605 3880 643 3942; x_wconf 91' lang='lat' dir='ltr'>de</span> <span class='ocrx_word' id='word_1_251' title='bbox 662 3878 780 3941; x_wconf 89' lang='lat' dir='ltr'>Salemii</span> <span class='ocrx_word' id='word_1_252' title='bbox 796 3877 913 3939; x_wconf 81' lang='lat' dir='ltr'>Abbate</span> <span class='ocrx_word' id='word_1_253' title='bbox 927 3877 1066 3958; x_wconf 86' lang='lat' dir='ltr'>pertinet,</span> <span class='ocrx_word' id='word_1_254' title='bbox 1079 3883 1253 3945; x_wconf 84' lang='lat' dir='ltr'>earumdem</span> <span class='ocrx_word' id='word_1_255' title='bbox 1262 3903 1369 3947; x_wconf 87' lang='lat' dir='ltr'>causas</span> <span class='ocrx_word' id='word_1_256' title='bbox 1383 3886 1466 3949; x_wconf 82' lang='lat' dir='ltr'>brevi</span> 
     </span>
     <span class='ocr_line' id='line_1_34' title="bbox 316 3975 1466 4063; baseline 0.007 -23"><span class='ocrx_word' id='word_1_257' title='bbox 316 3983 382 4046; x_wconf 80' lang='lat' dir='ltr'>‚tolli</span> <span class='ocrx_word' id='word_1_258' title='bbox 398 3998 485 4062; x_wconf 90' lang='lat' dir='ltr'>posse</span> <span class='ocrx_word' id='word_1_259' title='bbox 499 3996 560 4039; x_wconf 93' lang='lat' dir='ltr'>non</span> <span class='ocrx_word' id='word_1_260' title='bbox 578 3977 751 4038; x_wconf 84' lang='lat' dir='ltr'>diffidimus.</span> <span class='ocrx_word' id='word_1_261' title='bbox 770 3977 904 4038; x_wconf 74' lang='lat' dir='ltr'>Allatum</span> <span class='ocrx_word' id='word_1_262' title='bbox 920 3975 999 4037; x_wconf 88' lang='lat' dir='ltr'>cuim</span> <span class='ocrx_word' id='word_1_263' title='bbox 1016 3977 1055 4038; x_wconf 93' lang='lat' dir='ltr'>ad</span> <span class='ocrx_word' id='word_1_264' title='bbox 1068 3980 1129 4041; x_wconf 90' lang='lat' dir='ltr'>Nos</span> <span class='ocrx_word' id='word_1_265' title='bbox 1145 3988 1191 4042; x_wconf 87' lang='lat' dir='ltr'>est</span> <span class='ocrx_word' id='word_1_266' title='bbox 1204 3981 1302 4063; x_wconf 89' lang='lat' dir='ltr'>ipsum</span> <span class='ocrx_word' id='word_1_267' title='bbox 1315 3984 1466 4048; x_wconf 79' lang='lat' dir='ltr'>Abbatem</span> 
     </span>
     <span class='ocr_line' id='line_1_35' title="bbox 316 4072 1467 4158; baseline -0.001 -14"><span class='ocrx_word' id='word_1_268' title='bbox 316 4076 536 4142; x_wconf 88' lang='lat' dir='ltr'>controversias</span> <span class='ocrx_word' id='word_1_269' title='bbox 550 4092 656 4136; x_wconf 89' lang='lat' dir='ltr'>omnes</span> <span class='ocrx_word' id='word_1_270' title='bbox 671 4075 768 4136; x_wconf 90' lang='lat' dir='ltr'>amica</span> <span class='ocrx_word' id='word_1_271' title='bbox 782 4072 961 4135; x_wconf 86' lang='lat' dir='ltr'>tractatione</span> <span class='ocrx_word' id='word_1_272' title='bbox 974 4080 1074 4137; x_wconf 92' lang='lat' dir='ltr'>tecum</span> <span class='ocrx_word' id='word_1_273' title='bbox 1086 4096 1266 4158; x_wconf 89' lang='lat' dir='ltr'>componere</span> <span class='ocrx_word' id='word_1_274' title='bbox 1277 4080 1352 4141; x_wconf 88' lang='lat' dir='ltr'>velle</span> <span class='ocrx_word' id='word_1_275' title='bbox 1360 4125 1369 4157; x_wconf 94' lang='lat'>‚</span> <span class='ocrx_word' id='word_1_276' title='bbox 1382 4100 1467 4144; x_wconf 91' lang='lat' dir='ltr'>com·</span> 
     </span>
     <span class='ocr_line' id='line_1_36' title="bbox 318 4172 1466 4260; baseline 0.003 -21"><span class='ocrx_word' id='word_1_277' title='bbox 318 4187 517 4260; x_wconf 87' lang='lat' dir='ltr'>paratumque</span> <span class='ocrx_word' id='word_1_278' title='bbox 531 4175 574 4236; x_wconf 90' lang='lat' dir='ltr'>ita</span> <span class='ocrx_word' id='word_1_279' title='bbox 591 4192 668 4251; x_wconf 88' lang='lat' dir='ltr'>esse,</span> <span class='ocrx_word' id='word_1_280' title='bbox 686 4179 720 4234; x_wconf 91' lang='lat' dir='ltr'>ut</span> <span class='ocrx_word' id='word_1_281' title='bbox 737 4172 937 4235; x_wconf 91' lang='lat' dir='ltr'>ineundarum</span> <span class='ocrx_word' id='word_1_282' title='bbox 951 4181 1057 4236; x_wconf 90' lang='lat' dir='ltr'>mutuo</span> <span class='ocrx_word' id='word_1_283' title='bbox 1071 4177 1304 4240; x_wconf 84' lang='lat' dir='ltr'>conventionum</span> <span class='ocrx_word' id='word_1_284' title='bbox 1323 4178 1466 4258; x_wconf 81' lang='lat' dir='ltr'>aequitate</span> 
     </span>
     <span class='ocr_line' id='line_1_37' title="bbox 319 4271 1463 4359; baseline 0.006 -25"><span class='ocrx_word' id='word_1_285' title='bbox 319 4292 441 4353; x_wconf 83' lang='lat' dir='ltr'>prorsus</span> <span class='ocrx_word' id='word_1_286' title='bbox 455 4276 636 4359; x_wconf 68' lang='lat' dir='ltr'>acquiescat.</span> <span class='ocrx_word' id='word_1_287' title='bbox 661 4271 782 4334; x_wconf 88' lang='lat' dir='ltr'>Minime</span> <span class='ocrx_word' id='word_1_288' title='bbox 797 4271 989 4350; x_wconf 85' lang='lat' dir='ltr'>dubitamus,</span> <span class='ocrx_word' id='word_1_289' title='bbox 1009 4274 1082 4353; x_wconf 92' lang='lat' dir='ltr'>quin</span> <span class='ocrx_word' id='word_1_290' title='bbox 1101 4281 1150 4352; x_wconf 84' lang='lat' dir='ltr'>tu,</span> <span class='ocrx_word' id='word_1_291' title='bbox 1165 4275 1271 4339; x_wconf 88' lang='lat' dir='ltr'>dilecte</span> <span class='ocrx_word' id='word_1_292' title='bbox 1286 4275 1327 4337; x_wconf 88' lang='lat' dir='ltr'>tili</span> <span class='ocrx_word' id='word_1_293' title='bbox 1349 4284 1463 4359; x_wconf 87' lang='lat' dir='ltr'>noster,</span> 
     </span>
     <span class='ocr_line' id='line_1_38' title="bbox 318 4371 1463 4452; baseline 0.003 -19"><span class='ocrx_word' id='word_1_294' title='bbox 318 4390 419 4452; x_wconf 77' lang='lat' dir='ltr'>aquas</span> <span class='ocrx_word' id='word_1_295' title='bbox 432 4376 557 4439; x_wconf 91' lang='lat' dir='ltr'>daturus</span> <span class='ocrx_word' id='word_1_296' title='bbox 569 4375 646 4437; x_wconf 91' lang='lat' dir='ltr'>ultro</span> <span class='ocrx_word' id='word_1_297' title='bbox 658 4372 698 4436; x_wconf 87' lang='lat' dir='ltr'>sis</span> <span class='ocrx_word' id='word_1_298' title='bbox 711 4376 949 4451; x_wconf 87' lang='lat' dir='ltr'>accepturusque</span> <span class='ocrx_word' id='word_1_299' title='bbox 960 4371 1146 4433; x_wconf 88' lang='lat' dir='ltr'>conditiones</span> <span class='ocrx_word' id='word_1_300' title='bbox 1156 4418 1163 4449; x_wconf 87' lang='lat'>,</span> <span class='ocrx_word' id='word_1_301' title='bbox 1173 4380 1207 4434; x_wconf 89' lang='lat' dir='ltr'>ut</span> <span class='ocrx_word' id='word_1_302' title='bbox 1217 4392 1287 4435; x_wconf 88' lang='lat' dir='ltr'>eum</span> <span class='ocrx_word' id='word_1_303' title='bbox 1297 4373 1328 4435; x_wconf 92' lang='lat' dir='ltr'>in</span> <span class='ocrx_word' id='word_1_304' title='bbox 1338 4375 1463 4437; x_wconf 90' lang='lat' dir='ltr'>modum</span> 
     </span>
     <span class='ocr_line' id='line_1_39' title="bbox 319 4469 1464 4555; baseline 0.005 -26"><span class='ocrx_word' id='word_1_305' title='bbox 319 4488 423 4531; x_wconf 90' lang='lat' dir='ltr'>omnes</span> <span class='ocrx_word' id='word_1_306' title='bbox 444 4473 498 4534; x_wconf 83' lang='lat' dir='ltr'>illa</span> <span class='ocrx_word' id='word_1_307' title='bbox 517 4475 638 4536; x_wconf 82' lang='lat' dir='ltr'>tandein</span> <span class='ocrx_word' id='word_1_308' title='bbox 653 4470 861 4536; x_wconf 76' lang='lat' dir='ltr'>controversia</span> <span class='ocrx_word' id='word_1_309' title='bbox 879 4469 1081 4550; x_wconf 84' lang='lat' dir='ltr'>molestiaeque</span> <span class='ocrx_word' id='word_1_310' title='bbox 1099 4478 1158 4533; x_wconf 85' lang='lat' dir='ltr'>tuae</span> <span class='ocrx_word' id='word_1_311' title='bbox 1171 4472 1208 4534; x_wconf 86' lang='lat' dir='ltr'>de</span> <span class='ocrx_word' id='word_1_312' title='bbox 1226 4473 1325 4537; x_wconf 86' lang='lat' dir='ltr'>medio</span> <span class='ocrx_word' id='word_1_313' title='bbox 1341 4493 1464 4555; x_wconf 87' lang='lat' dir='ltr'>prorsus</span> 
     </span>
    </p>
   </div>
   <div class='ocr_carea' id='block_1_9' title="bbox 0 0 1594 5354">
    <p class='ocr_par' dir='ltr' id='par_1_9' title="bbox 0 0 1594 5354">
     <span class='ocr_line' id='line_1_40' title="bbox 0 0 1594 5354; baseline 0 5"><span class='ocrx_word' id='word_1_314' title='bbox 0 0 1594 5354; x_wconf 95' lang='lat' dir='ltr'> </span> 
     </span>
    </p>
   </div>
  </div>
 </body>
</html>
