3194 5354
230 464 264 512 20
661 456 862 511 catalenus
881 457 945 509 xlv

228 569 294 642 opt.
309 562 473 623 blaximurn
492 580 547 640 pro
568 560 724 621 fulciendis
751 561 864 621 viribus
884 560 995 621 nostris
1015 559 1085 619 lrnic
1109 565 1194 620 tauto
1208 561 1389 626 ministerio

227 661 314 740 plane
331 658 498 739 imparibus
514 658 726 738 deprecemini.
746 659 810 718 llac
822 657 904 718 enim
920 656 1036 718 ratione
1056 657 1106 718 illa
1120 664 1219 718 vestra
1237 659 1276 720 de
1290 660 1387 722 nobis

226 758 315 837 plena
328 755 448 838 pietatis
460 775 495 817 ac
510 755 706 817 humanitatis
718 755 831 832 judicia
846 774 882 817 oc
893 763 979 832 vota,
999 763 1033 818 ut
1047 762 1113 818 rata
1135 759 1195 818 sint
1204 802 1213 834 ,
1229 758 1384 836 maxime,

226 861 373 935 quantum
384 854 414 915 in
424 854 510 916 vobis
525 853 601 930 erit,
616 852 808 934 praestabitis.
824 846 884 914 Nos
895 871 967 915 vero
987 872 1024 915 eo
1036 855 1066 914 in
1081 873 1134 916 vos
1146 853 1248 915 animo
1257 873 1384 935 semper

225 954 357 1024 erimus,
374 958 407 1013 ut
418 951 548 1013 defuturi
558 968 713 1030 nunquam
724 951 818 1011 simus
831 951 896 1024 ulli,
907 951 932 1012 si
945 970 1007 1031 qua
1018 951 1156 1013 inciderit
1169 997 1178 1029 ,
1194 955 1383 1033 opportuni-

226 1052 298 1128 tati,
313 1068 374 1130 qua
385 1055 543 1129 paternam
554 1066 626 1127 erga
639 1066 693 1109 vos
708 1047 870 1128 plurimam
886 1047 1126 1110 benevolentiam
1139 1055 1279 1112 testatam
1291 1051 1382 1115 vobis

226 1167 261 1208 ac
284 1148 384 1227 reipsa
406 1152 595 1227 perspectam
616 1145 772 1207 iaciamus.
787 1147 821 1206 ln
841 1146 929 1223 cujus
952 1164 1033 1208 nunc
1048 1146 1249 1208 certissimum
1267 1148 1381 1228 pignus

226 1244 423 1324 apostolicam
434 1242 778 1319 benedictionemvobis,
787 1241 887 1304 dilecti
894 1242 958 1319 filii,
970 1250 1160 1324 peramanter
1172 1244 1378 1325 impertimur.

224 1345 338 1406 Datum
352 1344 465 1416 Romu,
477 1348 548 1411 etc,
567 1349 602 1400 1²
617 1346 737 1418 aequati
754 1351 841 1411 ¹769,
852 1345 1045 1420 pontificatur
1066 1348 1161 1404 nostri
1175 1362 1255 1405 anno
1264 1350 1378 1419 primo.

739 1596 859 1665 XXlll.

666 1759 811 1803 leECTlS
834 1760 930 1803 rluls

284 1875 438 1937 DECANO
460 1874 507 1936 ΕΤ
528 1873 744 1936 FACULTATI
767 1871 920 1932 ARTIUM
943 1870 1072 1933 swou
1098 1871 1313 1931 dannanus

631 2008 740 2057 orrror
757 2006 967 2055 novarriensis.

539 2120 765 2199 CLEMENS
793 2122 917 2197 ΡΑΡΑ
946 2117 1051 2194 XIV.

982 2295 1078 2354 Romae,
1098 2301 1124 2342 lo
1137 2292 1231 2356 engadi
1244 2297 1308 2344 17⁶9.

263 2406 393 2474 Dilecto,
410 2413 465 2464 etc.
486 2404 701 2465 Gratulationis
712 2405 823 2481 officie,
838 2422 904 2483 quae
921 2402 960 2464 ob
973 2400 1160 2482 pontificiam
1172 2399 1265 2462 Nobis
1284 2400 1374 2461 dela-

222 2508 286 2560 tam
300 2500 479 2579 dignitatern
493 2501 658 2562 luculenter
678 2500 861 2580 persolvitis,
884 2506 967 2560 tanto
989 2499 1077 2560 nobis
1091 2499 1221 2577 gratiora
1234 2498 1371 2575 luerunt,

222 2604 337 2677 ‹prronto
361 2600 545 2679 perspectior
567 2605 613 2660 est
633 2607 733 2661 vestra
753 2600 784 2660 in
805 2601 866 2660 Nos
889 2605 978 2678 atque
1002 2599 1198 2678 apostolicam
1220 2597 1299 2658 banc
1321 2615 1373 2658 se-

221 2695 290 2756 dem
307 2694 381 2756 fides
402 2702 492 2775 atque
512 2697 713 2758 observantia.
738 2697 793 2771 Qui
808 2696 931 2777 quidem
950 2704 1045 2757 vester
1069 2697 1100 2756 in
1114 2697 1175 2756 Nos
1197 2695 1315 2757 animus
1333 2713 1371 2756 eo

221 2795 255 2855 fn
275 2795 369 2874 pluris
389 2813 407 2856 a
425 2795 532 2872 Nobis,
547 2813 609 2876 quo
622 2796 720 2873 major
739 2801 786 2857 est
804 2794 943 2856 laborum
958 2812 993 2854 ac
1014 2793 1182 2854 studiorum
1202 2799 1372 2854 vestrorum

221 2892 303 2972 apud
325 2893 386 2953 Nos
407 2893 600 2956 existimatio.
627 2895 688 2955 Nos
712 2912 783 2955 sane
809 2911 927 2974 semper
950 2891 1071 2973 plurimi
1093 2891 1218 2953 fecimus
1238 2889 1370 2967 litteras,

220 3010 255 3052 ac
275 2992 433 3072 praeclaras
449 2999 543 3071 artes,
567 2993 605 3054 ad
626 3011 701 3073 quas
720 3012 774 3055 vos
787 2991 884 3054 isthac
898 2991 1067 3054 edocendas
1081 2992 1176 3052 multa
1189 3007 1259 3051 cum
1280 2988 1372 3050 laude

96 3104 100 3112 ’
219 3090 407 3167 incumbitis,
422 3110 533 3172 easque
555 3092 686 3155 maxime
700 3093 837 3155 conferre
858 3111 948 3174 posse
969 3091 1009 3153 ad
1023 3108 1178 3153 sacrarum
1199 3106 1301 3149 rerum
1324 3089 1371 3150 vel

220 3185 355 3245 ornanda
368 3186 414 3244 vel
433 3187 643 3267 amplificanda
662 3188 760 3249 studia
771 3189 839 3267 jure
853 3207 1022 3251 censemus.
1045 3190 1090 3248 Ex
1109 3205 1170 3267 quo
1186 3184 1300 3264 judicio
1316 3203 1372 3248 vos

219 3280 306 3339 l'ecile
322 3280 505 3359 perspicitis,
525 3301 617 3361 quam
636 3282 770 3343 simusin
787 3289 902 3344 vestras
918 3290 997 3344 artes
1012 3283 1152 3359 animati,
1169 3282 1278 3362 quibus
1290 3299 1372 3343 nun-

219 3395 313 3456 quam
327 3396 345 3437 a
359 3376 451 3437 Nobis
462 3384 493 3437 et
506 3378 620 3438 meritae
633 3378 753 3456 laudes,
769 3385 799 3439 et
813 3380 837 3440 si
853 3399 929 3460 opus
943 3379 993 3458 sit,
1009 3380 1146 3461 praesidia
1160 3386 1190 3441 et
1203 3379 1370 3460 patrocinia

220 3483 290 3535 sunt
308 3474 458 3535 defutura.
480 3476 595 3534 Interea
606 3493 660 3536 vos
668 3520 677 3552 ,
693 3477 744 3555 qui
760 3483 821 3537 tam
839 3483 974 3538 amanter
986 3477 1094 3558 pieque
1109 3484 1222 3538 vestras
1236 3477 1370 3556 obsequii

219 3577 321 3651 partes
334 3571 497 3633 Nobiscum
512 3571 683 3651 peregistis,
699 3572 768 3634 dato
780 3591 922 3654 operam,
943 3583 975 3636 ut
989 3575 1111 3636 easdem
1126 3575 1217 3636 ctiam
1231 3574 1371 3656 precibus

219 3667 258 3729 ad
277 3671 372 3730 Deum
386 3671 454 3748 Opt.
471 3670 549 3729 Max.
572 3687 627 3748 pro
639 3671 802 3732 munienda
824 3680 926 3735 nostra
946 3674 1150 3736 imbecillitate
1171 3672 1244 3734 lusis
1266 3690 1372 3733 cumu-

219 3766 296 3826 latis.
314 3768 457 3827 Nostrum
469 3786 560 3848 porro
570 3769 643 3846 erit,
658 3787 695 3831 nc
709 3771 869 3850 pontiliciae
882 3772 1099 3834 benevolentiae
1110 3771 1226 3832 tructus
1236 3788 1370 3849 unquam

219 3882 276 3944 pro
288 3864 512 3944 opportunitate
525 3866 637 3929 orobis
649 3867 898 3946 desiderarentur,
915 3870 944 3931 in
956 3871 1043 3948 cujus
1052 3869 1160 3950 pignus
1172 3867 1370 3948 apostolicam

219 3960 458 4024 benedictionem
481 3964 581 4043 vobis,
610 3965 710 4028 dilecti
734 3966 799 4044 filii,
820 3973 1010 4046 peramanter
1035 3965 1235 4048 impertimur.
1259 3964 1372 4028 Datum

220 4058 331 4132 Rome,
347 4065 470 4136 etc.,1a
486 4068 607 4142 eupasia·
626 4065 1022 4139 mammaemammal
1036 4083 1115 4128 anno
1128 4068 1238 4144 pomo.

706 4209 888 4224 ἡ
