3194 5354
483 505 662 561 netstoLAE
681 504 726 558 ET
745 503 877 558 nuttht
895 502 1118 559 succentore
1325 510 1378 562 2⁶⁵

235 609 326 671 etiam
342 626 499 689 geramus,
514 627 652 689 novaque
671 608 709 668 ad
721 615 751 669 te
770 608 1008 670 transmittamus
1018 609 1255 686 existimationis,
1269 608 1378 686 studii,

240 707 409 788 umorisque
427 708 521 770 nostri
541 707 667 783 indicia,
688 723 841 787 quocum
860 705 920 766 sint
933 723 970 766 ex
990 706 1054 786 ipsa
1062 705 1178 786 pietate
1190 725 1226 768 ac
1235 707 1378 787 religione

238 806 343 886 petita,
354 807 523 886 gratissima
537 806 591 866 tibi
604 812 694 885 atque
704 803 911 883 acceptissima
921 802 986 863 lore
999 819 1059 863 non
1070 801 1254 863 dubitamus.
1267 803 1379 883 Excipe

236 901 338 981 igitur,
348 922 415 984 qun
423 905 477 966 tibi
488 904 615 966 dilectus
627 902 706 963 lilios
717 919 818 962 eomes
829 900 867 961 de
878 902 1025 978 Partengo
1036 899 1134 961 isthuc
1147 898 1265 960 rediens
1274 906 1378 961 nostro

235 1003 357 1064 nomine
381 1003 501 1081 reddet,
526 1021 645 1064 sacrum
667 1021 684 1062 a
704 1001 802 1062 Nobis
814 998 1040 1076 munus,.duas
1056 996 1172 1059 scilicet
1184 999 1256 1058 lesu
1271 997 1378 1060 Christi

236 1100 403 1164 servatoris
416 1102 510 1164 nostri
521 1102 645 1180 ejusque
658 1100 844 1163 Beatissimae
857 1096 961 1160 Matris
979 1095 1092 1175 efligies
1106 1094 1137 1155 in
1150 1093 1268 1174 jaspide
1281 1093 1378 1156 orien-

235 1198 286 1259 tali
303 1199 450 1280 sculptas,
465 1216 561 1279 eoque
572 1199 681 1259 *animo
698 1197 802 1278 excipe
816 1202 850 1257 ut
863 1213 924 1257 non
937 1192 976 1255 ad
995 1193 1037 1254 rei
1051 1191 1182 1272 pretium
1195 1191 1293 1272 impar
1306 1210 1377 1255 sone

234 1294 320 1374 tegio
335 1296 522 1377 amplitudini
536 1303 609 1373 tuo,
627 1296 680 1358 sed
694 1295 732 1356 ad
745 1295 879 1373 ejusdem
893 1293 1084 1355 sanctitatem
1099 1290 1263 1373 respexisse
1277 1291 1378 1355 videa·

233 1391 284 1452 ris.
298 1395 397 1474 Atque
410 1410 478 1455 eam
488 1400 522 1455 ut
535 1396 701 1455 auctiorem
712 1391 920 1467 redderemus,
933 1389 1129 1470 apostolicam
1141 1389 1377 1453 benedictionem

231 1486 436 1565 adjunximus,
457 1495 659 1570 praetereoque
672 1487 783 1567 apertis
795 1487 888 1548 Nobis
898 1485 1067 1547 commissis
1082 1486 1219 1548 Ecclesia
1230 1487 1377 1551 thesauris

230 1582 377 1663 ltlajestati
391 1591 479 1661 Tua,
493 1587 741 1668 quotiescumque
763 1586 875 1647 festivis
893 1584 999 1647 diebus
1021 1584 1126 1646 (lltristi
1147 1585 1265 1646 Domini
1283 1587 1376 1650 bean

230 1680 329 1743 Maris
342 1682 482 1762 Virginis,
495 1691 668 1745 sanctorum
689 1685 743 1743 xlt
758 1683 971 1762 Apostolorum
989 1699 1024 1742 ac
1044 1681 1172 1742 aliomm
1183 1683 1375 1760 Sanctorum,

230 1782 308 1858 ‘quos
321 1780 351 1840 in
372 1781 537 1862 precipuos
554 1787 698 1863 patronos
713 1788 782 1841 tuos
795 1779 930 1859 delegisti
946 1778 1100 1841 confessus
1109 1824 1118 1856 ‚
1138 1798 1174 1841 ac
1185 1799 1271 1841 sacra
1288 1800 1376 1843 oom-

231 1872 375 1941 'munione
394 1880 524 1942 relectus
544 1899 647 1941 coram
665 1880 800 1958 ejusdem
820 1880 999 1959 imaginibus
1014 1897 1117 1960 preces
1134 1887 1203 1941 tuas
1224 1881 1262 1941 ed
1279 1883 1375 1944 Deum

233 1978 451 2056 pro‘licclesia,
473 1997 530 2059 pro
544 1978 655 2054 Nobis,
675 1996 733 2058 pro
750 1984 803 2039 tua
814 1983 931 2056 tueque
950 1978 1062 2038 Domus
1075 1993 1118 2037 >ac
1133 1976 1215 2055 regni
1235 1976 1375 2039 felicitate

228 2072 356 2150 luderis,
374 2075 539 2156 plenariam
552 2081 748 2163 peccatorum
758 2072 974 2155 indulgentiam
985 2072 1177 2136 concedimus
1189 2091 1225 2134 ac
1237 2072 1374 2154 imperti-

233 2188 315 2232 mur.
334 2171 368 2233 ld
380 2191 450 2233 cum
462 2168 659 2254 studiosefpro
673 2173 784 2254 pietate
800 2173 831 2234 in
844 2175 939 2234 Deum
950 2179 1003 2234 tua
1021 2172 1181 2252 sepissime
1192 2172 1374 2251 prestiteris,
1415 2248 1419 2259 ι

230 2268 344 2349 tibique
362 2270 421 2331 hac
433 2271 541 2348 etiam,
556 2290 622 2352 qun
636 2271 756 2333 allobis
767 2269 985 2351 suppeditatur,
997 2268 1114 2330 ratione
1128 2267 1229 2329 divina
1238 2269 1373 2348 prasidio

227 2364 406 2446 comparare
420 2367 576 2448 sategeris,
589 2367 755 2430 mauimtuu
766 2384 838 2428 saue
848 2357 909 2428 Nos
918 2384 1015 2447 opero
1029 2365 1160 2446 pretinm
1172 2364 1278 2427 iecisse
1288 2366 1372 2429 vide-

230 2461 343 2541 bimur,
357 2462 439 2543 quod
454 2482 525 2525 eum
541 2463 573 2525 in
589 2463 715 2526 modum
726 2461 924 2542 comprobare
936 2461 1001 2539 tihi,
1021 2467 1052 2522 et
1063 2462 1241 2524 confirmare
1251 2465 1372 2543 magni-

231 2559 368 2622 tudinem
380 2561 491 2643 amoris
501 2561 531 2622 in
548 2568 579 2623 te
595 2562 690 2624 nostri
709 2561 899 2624 voluerimus.
916 2562 1096 2641 llagnopere
1107 2561 1262 2643 cupimus,
1283 2569 1373 2643 teque

228 2673 383 2736 rogamus,
402 2666 436 2719 ut
449 2658 479 2720 id
497 2658 597 2739 ipsum
613 2659 668 2721 tibi
691 2659 782 2722 etiam
795 2667 885 2741 atque
897 2661 990 2723 etiam
1002 2661 1204 2741 persuadeas,
1218 2662 1371 2724 carissime
1479 2676 1481 2681 ’

228 2752 259 2813 in
271 2754 388 2816 Christo
402 2755 444 2816 lili
457 2761 568 2833 noster,
583 2757 757 2838 anobisque
767 2775 805 2818 ea
816 2757 919 2820 omnia
926 2774 1045 2836 semper
1055 2765 1195 2838 expectes
1199 2803 1211 2834 ,
1222 2776 1371 2838 quacum
1475 2828 1478 2832 ,

229 2865 288 2927 que
308 2868 325 2909 a
346 2856 470 2930 paterno
488 2851 518 2911 in
540 2853 707 2914 teneritate
726 2860 842 2930 nostra
861 2861 892 2914 et
907 2854 1049 2932 singulari
1063 2872 1099 2915 ac
1112 2873 1248 2932 summa,
1261 2874 1322 2935 qua
1340 2862 1371 2916 te

228 2945 468 3024 complectimur,
484 2947 846 3028 benevolentiaprolicisci
859 2967 993 3029 unquam
1006 2956 1160 3029 poterunt.
1174 2953 1297 3013 Interim
1306 2972 1370 3015 ooe-

230 3039 349 3102 lestium
358 3041 587 3121 beneficiorum,
605 3061 739 3124 veroque
753 3045 901 3107 felicitatis
921 3046 1074 3126 auspicem
1096 3027 1292 3128 apostolicum
1312 3050 1370 3111 be-

226 3137 429 3200 nedictionem
439 3139 587 3216 Majestati
600 3142 687 3218 Ture,
697 3139 813 3207 Liberis
821 3159 858 3201 ac
865 3140 1007 3201 universo
1017 3140 1115 3220 Regiae
1123 3142 1252 3206 Familia
1263 3143 1369 3207 intimo

223 3235 343 3320 paterni
362 3237 454 3298 animi
468 3255 557 3300 sensu
577 3237 780 3300 amantissimo
802 3237 1002 3317 impertimur.
1018 3239 1133 3301 Datum
1152 3242 1266 3312 Rmun,
1287 3244 1369 3322 opud

223 3338 363 3398 Souetom
379 3338 507 3398 domum
520 3337 683 3414 llojorem,
695 3336 750 3396 sat
763 3338 886 3398 Annulo
907 3337 1091 3409 Ptmotoris,
1114 3339 1164 3400 die
1188 3350 1225 3401 πε
1247 3345 1369 3420 auguste·

228 3441 316 3506 1773,
326 3435 522 3514 pontificatus
533 3437 630 3496 nostri
641 3451 720 3494 otton
734 3437 850 3510 quinto.

704 3645 904 3714 CCXXXIV.

473 3795 644 3836 cttttsstltAE
666 3794 699 3834 tlt
722 3794 857 3837 CHRISTO
880 3794 972 3835 FlLIAE
995 3796 1121 3837 NOSTRAE

411 3882 567 3942 MARIAE
604 3883 816 3943 ANTONIAE
851 3882 1171 3956 FERDINANDAE,

559 3988 716 4036 sanonum
730 3988 854 4038 nectua
871 3989 1025 4051 ruuusrtu,

521 4077 754 4154 CLEMENS
797 4079 924 4155 ΡΑΡΑ
965 4079 1072 4156 XIV.

959 4218 1202 4279 sonarciagam
1220 4221 1287 4266 1773.
1307 4203 1309 4207 ’

265 4309 503 4372 Cornelianum.
517 4306 585 4366 lam
599 4305 715 4385 pridem
727 4324 797 4367 cum
809 4306 949 4386 singulari
965 4306 1055 4366 animi
1069 4305 1162 4366 nostri
1176 4306 1365 4384 jucunditate

222 4400 334 4480 optime
344 4405 531 4480 perspectam
541 4400 686 4463 habemus
697 4403 846 4482 egregiam
859 4403 1022 4480 Maiestatis
1034 4405 1104 4462 Tuae
1115 4401 1268 4482 pietatem,
1280 4414 1310 4466 et
1325 4405 1363 4468 ab

221 4495 294 4577 ipsis
308 4493 494 4556 incunabulis
506 4493 657 4582 haustum,
671 4515 707 4558 ac
718 4498 813 4575 magis
824 4497 853 4557 in
868 4496 931 4559 dies
943 4496 1152 4560 confirmatam
1165 4499 1254 4563 divini
1265 4503 1363 4563 cultus
