3194 5354
364 543 545 601 EPlSTOLAE
564 544 610 599 ET
629 544 761 598 natvm
781 545 1014 600 sunucrronr.
1209 551 1263 600 277

115 667 238 711 omnem
254 647 430 712 industriam
452 656 537 712 tuam
554 651 584 711 in
604 669 641 712 eo
655 651 795 727 colloces,
814 659 847 712 ut
865 669 903 712 ne
916 649 1070 731 quidpiam
1087 651 1191 712 vestris
1205 651 1262 712 de-

116 747 206 807 cretis
228 764 264 807 ac
276 747 390 827 legibus
400 748 439 810 de
451 748 662 830 episcoporum
676 747 941 828 debltavigilantia
952 747 1138 823 detrahatur,
1154 748 1264 828 quibus

81 849 87 863 ·
115 860 217 903 rerum
232 842 270 903 ad
284 843 457 923 religionem
469 843 669 926 spectantium
681 843 805 905 omnino
818 843 915 905 omnis
931 842 1075 904 attributa
1093 862 1158 905 esse
1170 863 1263 925 opera

114 937 217 1000 debet.
233 941 394 1019 Propterea
409 940 462 1001 tibi
476 940 671 1001 vehementer
683 947 729 1001 est
748 939 944 1018 satagendum
962 946 996 1001 ut
1010 939 1063 1019 qui
1074 940 1262 1018 juventutem

117 1035 287 1110 instituunt,
296 1036 508 1116 episcoporum
515 1054 595 1097 curae
604 1043 693 1116 atque
701 1035 873 1097 auctoritati
880 1036 1087 1114 subjiciantur,
1098 1037 1261 1117 presertim

115 1132 147 1192 in
162 1131 197 1193 iis
210 1132 311 1210 rebus,
323 1151 359 1194 ac
372 1133 625 1214 disciplinisque
638 1151 709 1195 cum
719 1133 869 1213 religionis
880 1152 916 1195 ac
926 1133 995 1196 fidei
1012 1122 1155 1195 institutis
1165 1136 1262 1215 magis

113 1247 208 1308 nexa,
222 1238 253 1292 et
264 1230 409 1309 colligata
427 1231 496 1292 sint.
512 1229 642 1291 Proinde
660 1235 695 1291 ut
713 1230 759 1291 sui
776 1248 848 1310 erga
869 1229 1043 1310 religionem
1063 1230 1155 1292 officii
1174 1230 1262 1292 iden·-

115 1328 208 1390 tidem
222 1337 481 1408 commoneantur,
496 1331 569 1392 illud
581 1331 672 1392 etiam
685 1329 864 1405 curandum,
875 1335 1023 1392 utomnes
1037 1329 1262 1409 disciplinarum

116 1425 248 1505 magistri
262 1426 292 1487 in
305 1426 474 1488 inchoanda
493 1426 690 1503 institutione,
703 1432 734 1486 et
744 1425 867 1505 singulis
881 1425 989 1487 deinde
1004 1425 1101 1502 annis,
1121 1433 1211 1507 prout
1231 1427 1262 1489 in

115 1521 180 1583 aliis
191 1523 282 1584 etiam
301 1523 392 1604 lyceis
403 1523 454 1600 fit,
468 1541 572 1584 coram
590 1523 738 1603 episcopis
750 1522 840 1583 fidem
860 1522 1041 1584 catholicam
1059 1524 1192 1603 profiteri
1204 1524 1262 1586 de·

115 1621 215 1683 beant.
227 1623 300 1684 Cum
307 1642 378 1685 vero
385 1623 493 1685 scholar
504 1643 560 1704 pro
570 1623 781 1703 episcoporum
790 1621 957 1683 seminariis
966 1640 1002 1683 ex
1012 1622 1177 1684 Tridentini
1188 1643 1261 1686 con·

115 1721 174 1782 cilii
186 1723 301 1803 legibus
314 1724 455 1787 instituta
472 1725 502 1786 in
517 1724 727 1806 episcoporum
740 1723 812 1784 item
824 1728 973 1802 potestate
992 1721 1052 1782 sint
1063 1722 1185 1801 posita,
1202 1723 1262 1785 hoc

115 1818 206 1881 etiam
219 1819 380 1900 diligentie
391 1822 526 1894 tuaeerit,
542 1820 664 1902 nequid
681 1819 751 1881 huic
763 1820 913 1881 constanti
933 1820 963 1880 ln
983 1820 1117 1882 Ecclesia
1135 1821 1193 1907 legi
1204 1822 1261 1884 de-

113 1924 245 1997 rogetur.
261 1919 322 1978 Nos
333 1918 455 1998 quidem
478 1920 521 1979 rei
544 1917 689 1997 gravitate
710 1917 822 1978 inducti
841 1917 880 1977 ad
894 1916 1079 1979 carissimum
1094 1917 1124 1979 in
1143 1919 1261 1982 Christo

88 2053 95 2066 ι
113 2013 209 2074 lilium
221 2020 357 2076 nostrum
372 2015 552 2076 Stanislaum
567 2016 735 2094 Augustum
753 2014 882 2075 Polonia
896 2015 1007 2094 Regem
1022 2014 1169 2076 lllustrem
1188 2016 1261 2078 dare

113 2109 227 2172 litteras
241 2111 408 2189 voluimus,
423 2112 533 2193 quibus
546 2111 589 2173 illi
606 2112 684 2174 hanc
698 2112 847 2192 religionis
864 2121 968 2174 curam
983 2112 1013 2173 in
1032 2112 1201 2173 statuendis
1222 2114 1260 2175 de

112 2206 230 2269 ratione
244 2209 411 2271 studiorum
427 2209 552 2289 legibus,
563 2215 593 2271 et
604 2208 634 2271 in
651 2209 861 2291 episcoporum
877 2215 1037 2290 propterea
1054 2209 1166 2271 tuenda
1184 2227 1260 2272 auc-

114 2305 237 2368 toritate
255 2307 445 2370 vehementer
466 2304 724 2369 commendamus.
746 2308 804 2369 Sed
822 2315 852 2368 te
873 2309 970 2370 multa
984 2326 1046 2388 qua
1063 2307 1158 2388 polles
1178 2308 1259 2388 apud

114 2423 215 2485 regem
234 2406 331 2486 gratia
354 2405 647 2469 commendationem
670 2411 805 2467 nostram
830 2405 995 2485 plurimum
1014 2403 1205 2483 adjuturum,
1229 2414 1259 2467 et

113 2520 234 2564 omnem
244 2503 371 2566 eadere
384 2503 596 2584 cogitationem
605 2509 739 2565 nostram
748 2501 904 2581 diligentia
912 2509 977 2580 tua,
987 2509 1017 2563 et
1025 2521 1086 2583 qua
1095 2502 1259 2565 instructus

113 2616 162 2676 es,
177 2618 278 2661 rerum
298 2598 510 2680 intelligentia,
531 2599 570 2661 ad
592 2616 734 2679 eosquos
754 2605 912 2678 optamus,
929 2598 1028 2661 eritas
1041 2600 1258 2680 perducturum
1382 2672 1384 2676 Α
1501 2651 1509 2660 .

111 2696 300 2758 confidimus.
317 2699 403 2759 Hunc
424 2697 455 2759 in
469 2697 593 2759 modum
615 2697 776 2778 episcopali
791 2704 843 2758 tuo
856 2697 973 2758 muneri
991 2697 1116 2759 mirifice
1136 2697 1258 2759 satista-

111 2790 456 2871 cies,recta1'uventutis
475 2792 659 2855 institutioni
675 2792 830 2868 consulas,
847 2799 878 2853 et
898 2799 1058 2872 paternam
1075 2791 1256 2872 singularem

111 2896 245 2952 nostram
261 2907 332 2969 erga
347 2896 377 2950 te
388 2889 546 2950 caritatem
558 2889 763 2969 amplificabis.
777 2891 811 2948 ln
825 2890 913 2966 cujus
924 2887 1033 2968 egregii
1048 2895 1162 2967 ergata
1178 2906 1257 2967 pon-

109 2986 194 3049 tificii
208 2985 302 3047 nostri
316 2971 408 3046 animi
429 2990 638 3063 argumentum
652 2984 849 3063 apostolicam
863 2983 1102 3045 benedictionem
1116 2984 1182 3058 tibi,
1193 2986 1256 3043 Ve-

70 3072 249 3146 v'rrerabilis
271 3085 387 3160 Frater,
411 3087 524 3162 tuoque
545 3081 684 3142 universo
709 3081 822 3161 populo
843 3086 1035 3160 peramanter
1054 3079 1253 3160 impertimur.

112 3185 224 3243 Datum
241 3183 356 3254 Romae,
378 3181 462 3260 apud
471 3181 613 3240 Sanctam
627 3179 758 3237 nonam
775 3179 930 3253 Majorem,
940 3178 1001 3252 saoj
1011 3178 1134 3238 Annulo
1146 3180 1255 3239 Pisca-

108 3284 194 3351 toris,
210 3279 259 3341 dte
274 3290 308 3340 18
321 3279 484 3340 decembris
505 3286 592 3352 tata,
606 3279 900 3355 pcntptcatnsnostri
911 3281 1112 3354 annopuinto.

146 3393 246 3453 Eodem
264 3393 394 3466 Exemplo
411 3393 544 3468 Episcopo
559 3392 692 3451 Plocensi.

600 3501 784 3512 ι’*-

603 3599 750 3669 ccxlv.

366 3742 529 3784 crnlssnw
553 3741 587 3781 ln
610 3738 741 3782 canlsro
766 3738 850 3780 mlo
874 3737 991 3778 NOSTRO

110 3883 113 3887 .
178 3827 429 3906 l'EllDanNDO
451 3828 671 3899 UTltlUSQUE
691 3826 844 3887 SlClLlAE
864 3827 913 3885 ΕΤ
934 3826 1184 3888 lllERUSALEM

539 3936 625 3983 auor
647 3934 820 3982 inausum

410 4022 650 4101 ,CLEMENS
677 4025 805 4100 PAPA
832 4022 939 4100 XIV.

823 4158 919 4215 noma,
930 4161 960 4205 28
974 4154 1107 4205 decemlrris
1121 4156 1188 4201 177³.

148 4246 327 4314 danssirne,
341 4250 398 4305 etr.
415 4247 544 4307 Summas
557 4253 688 4325 paterna
698 4251 806 4306 nostra
821 4245 849 4305 in
864 4251 901 4305 te-
910 4243 1043 4304 caritatis
1061 4259 1097 4300 ac
1115 4239 1250 4303 omnium

107 4339 275 4402 officiorum
287 4359 394 4419 genere
406 4342 593 4422 plenissimas
604 4344 668 4422 J'am
682 4349 747 4403 tum
764 4342 803 4403 ad
814 4340 936 4417 Regiam
953 4341 1049 4399 Tuam
1064 4337 1248 4415 Maiestatem

107 4437 220 4497 litteras
238 4436 439 4512 dedissemus,
458 4441 674 4520 cumprimum
691 4458 745 4521 pro
758 4440 800 4501 tui
822 4437 911 4499 animi
928 4437 1131 4515 inagnitndine
1146 4437 1249 4518 pristi-

107 4553 176 4597 nam
192 4535 348 4597 Beneventi
361 4554 396 4596 ac
407 4535 509 4597 Pontis
522 4536 606 4597 Corvi
619 4537 835 4616 possessionem
847 4533 885 4594 ad
898 4534 958 4600 Nos
970 4532 1110 4597 deferres.
1124 4534 1183 4596 Sed
1196 4535 1249 4596 lias
