3180 5354
234 432 306 529 nto⁸
662 469 947 527 cceuanrrsxrv

233 580 256 640 si
274 579 311 641 au
332 562 463 641 ¹(livinum
478 577 644 656 augendam
658 576 801 655 gloriam,
815 577 1033 657 fovendamque
1045 577 1187 639 virtulem
1208 578 1376 660 acreligioa

234 695 306 737 nem
321 676 438 737 Ordinis
450 680 619 754 opportuna
632 689 698 732 esse
710 690 936 751 cognoscemus.
951 675 1187 737 incontrarium
1198 674 1375 754 iacientibus

232 791 292 834 non
303 771 491 834 obstantibus
499 770 748 851 quibuscumque.
759 774 869 834 Datum
877 775 988 844 Romoe,
998 775 1083 853 cpcrl
1091 774 1372 837 Snoclccallcn'cm

234 873 375 947 llcjorrm
392 868 571 929 munburdo
592 871 761 930 Piscatoris
776 872 825 931 die
843 883 860 931 5
874 873 1048 951 septembris
1072 882 1143 933 1771
1155 918 1175 950 s.
1183 877 1374 952 pontificatus

231 973 329 1029 nostra·
342 984 423 1028 cuno
435 970 534 1027 lertio.

708 1082 891 1093 ——a-—

749 1205 842 1276 CLX.

636 1373 828 1415 venantem
852 1372 963 1414 raarnr
1033 1412 1035 1418 .

302 1485 502 1547 uenarum
523 1486 705 1549 Episcopo
725 1489 863 1550 GRAECO
884 1485 1092 1550 MELCHITAE
1112 1485 1162 1544 DE
1183 1482 1299 1545 clauc

536 1619 771 1699 CLEMENS
797 1622 924 1698 PAPA
952 1617 1059 1696 XIV.

949 1772 1307 1836 mencenenterius.
1379 1764 1381 1769 ⁴

267 1882 462 1953 Venerabilis,
471 1889 528 1944 etc.
540 1882 662 1946 Minime
674 1902 775 1946 serum
782 1883 874 1945 Nobis
881 1882 997 1944 videtur
1005 1899 1070 1942 csse
1081 1878 1153 1942 illud
1161 1877 1370 1957 gratulationis

222 1973 356 2036 officium
364 2021 372 2053 ,
387 1976 469 2056 quod
481 1996 499 2037 a
512 1972 729 2041 studiosissimo
741 1979 832 2060 hujus
847 1979 962 2042 Sancta
974 1975 1073 2053 Sedis,
1087 1977 1237 2058 plenoque
1251 1974 1322 2036 lidei
1335 1992 1370 2036 ac

222 2070 417 2134 observantie
435 2074 465 2134 in
479 2075 540 2136 Nos
554 2075 657 2137 animo
669 2074 837 2157 proiectum
849 2075 897 2137 sit.
910 2076 927 2137 J
931 2073 1137 2137 ucundissima
1148 2071 1262 2133 idcirco
1277 2073 1371 2133 Nobis

221 2166 341 2229 filerunt
354 2168 447 2231 litera
462 2177 532 2247 tuae,
552 2171 737 2234 Venerabilis
749 2172 865 2251 Frater,
881 2173 991 2254 quibus
1007 2178 1090 2234 tuum
1102 2171 1133 2232 in
1147 2171 1208 2230 Nos
1224 2170 1370 2250 pietatem

221 2272 284 2326 tam
307 2267 477 2328 luculenter
491 2268 642 2343 declaras,
666 2269 887 2349 confirmasque
907 2268 1001 2331 Nobis
1024 2288 1107 2346 eam,
1130 2286 1191 2348 qiua
1211 2267 1288 2328 inter
1308 2267 1369 2328 Nos
1464 2321 1468 2329 .

220 2364 373 2442 coniuncti
385 2383 490 2426 sumus
501 2365 531 2426 in
548 2365 665 2427 Christo
677 2367 845 2428 caritatem.
858 2367 904 2427 Ac
915 2366 1064 2448 precipue
1074 2364 1378 2427 confidimusloreut'

222 2466 253 2520 tu
276 2477 347 2521 cnm
364 2460 527 2523 commisso
548 2461 601 2523 tibi
615 2463 728 2544 populo
748 2482 915 2544 numquam
933 2463 1113 2541 intermittas
1131 2461 1367 2524 imbecillitatem

219 2562 356 2616 nostram
371 2556 498 2626 Domino
513 2558 743 2636 commendare,
756 2578 885 2640 eumque
898 2559 1070 2641 deprecari,
1086 2566 1118 2620 ut
1128 2559 1180 2639 qni
1192 2561 1253 2621 Nos
1264 2558 1366 2619 Eccle-

219 2653 295 2714 siam
309 2670 396 2714 suam
410 2672 514 2733 regere
523 2655 696 2734 constituit,
719 2656 798 2718 idem
817 2657 895 2718 vires
908 2663 1028 2719 nostras
1042 2675 1098 2719 sua
1111 2675 1169 2737 opc
1181 2675 1217 2719 ac
1230 2654 1368 2736 pracsidio

220 2751 340 2811 roboret
351 2757 382 2811 ct
392 2751 589 2813 communiat.

258 2847 367 2929 Aliqua
386 2849 479 2911 etiam
492 2869 528 2910 ox
547 2857 634 2931 parte
648 2851 765 2914 levatur
778 2870 815 2913 ac
828 2849 975 2913 minuitur
986 2848 1157 2913 sollicitudo
1168 2850 1287 2924 nostra,
1298 2866 1368 2909 cum

219 2946 378 3028 impigram
398 2966 462 3010 esso
475 2942 657 3029 pastoralem
679 2967 804 3031 opernm
819 2955 919 3026 tuam,
938 2965 974 3009 ac
987 2964 1069 3008 nunc
1081 2941 1212 3007 maxime
1223 2944 1369 3006 Christia-

219 3062 290 3104 nam
303 3043 389 3106 isthic
400 3063 464 3107 rem
478 3045 579 3108 divina
590 3065 648 3128 ope
659 3046 782 3130 provehi
798 3066 834 3110 uc
845 3046 950 3110 llorere
965 3061 1194 3126 cognoscamus.

257 3145 355 3216 Quare
371 3142 445 3204 dum
458 3143 551 3205 Nobis
571 3145 643 3226 ipsis
655 3145 767 3208 idcirco
780 3145 978 3224 gratulamur,
990 3142 1129 3204 meritam
1140 3140 1194 3201 tibi
1207 3137 1368 3200 tribuimus

219 3238 350 3315 laudem,
361 3245 450 3318 teque
459 3239 490 3300 in
505 3241 633 3302 Domino
644 3242 684 3303 ob
696 3249 758 3303 tam
775 3241 932 3322 preclaras
946 3239 1080 3301 actiones
1091 3245 1160 3300 tuas
1173 3236 1265 3299 ctiam
1276 3240 1367 3314 atque

218 3333 309 3393 ctiam
321 3334 580 3397 commendamus.
595 3337 685 3397 Aede
699 3336 816 3418 prolixa
834 3354 905 3415 erga
917 3340 947 3394 tc
960 3334 1114 3396 voluntate
1128 3338 1231 3394 nostra
1244 3330 1367 3393 uberius

218 3428 270 3490 tibi
285 3428 451 3511 perscribet
463 3429 589 3492 dilectus
608 3431 686 3493 lilius
697 3432 866 3513 Stephanus
879 3429 988 3509 Borgia
1006 3436 1114 3492 nostra
1126 3426 1367 3508 congregationis

218 3527 255 3588 dc
278 3527 473 3615 Propaganda
490 3525 562 3589 Fide
589 3528 785 3605 secretarius,
807 3543 925 3605 unaque
950 3525 1108 3586 certiorem
1124 3531 1154 3585 te
1173 3522 1278 3600 saciet,
1302 3540 1366 3602 quo

218 3625 319 3686 animo
330 3620 482 3707 postulata
496 3630 549 3686 tua
558 3626 780 3707 exceperimus,
791 3641 942 3706 quamque
953 3622 991 3684 ad
1001 3621 1231 3702 gratificandum
1244 3619 1297 3680 tibi
1308 3639 1365 3700 pro

218 3719 268 3781 Dei
281 3720 377 3799 gloria
397 3721 544 3783 laboranti
564 3723 704 3803 propensi
720 3722 824 3784 simus.
840 3722 901 3782 Nos
915 3727 1059 3801 practerea
1072 3730 1230 3800 nunquam,
1238 3714 1293 3778 tibi
1306 3734 1365 3796 pro

217 3806 441 3896 opportunitate
463 3819 676 3883 benevolentia
690 3825 800 3882 nostra
818 3816 932 3879 lruotus
951 3817 1053 3879 defore
1066 3818 1255 3898 pollicentes,
1277 3832 1365 3896 apos·

218 3910 339 3973 tolicam
345 3910 599 3993 benedictionem,
608 3911 867 3991 tibi,Venerabilis
875 3915 990 3992 Frater,
997 3921 1113 3995 tuaque
1122 3913 1191 3975 {idm
1201 3910 1364 3975 commisso

218 4008 330 4088 populo
338 4015 530 4089 peramanter
542 4011 741 4091 impertimur.
751 4012 863 4074 Datum
873 4013 982 4089 Romo,
994 4014 1044 4076 dic
1056 4026 1071 4075 7
1084 4013 1260 4094 septembris
1275 4021 1363 4087 1771,

217 4109 409 4186 portisculus
422 4111 517 4166 nostri
533 4126 611 4167 anno
627 4114 725 4169 lertio.

700 4269 881 4283 —-—-
