3194 5354
469 546 649 609 EPISTOLAE
667 546 713 599 ET
733 544 867 598 suavia
885 544 1118 599 subactione.
1316 551 1367 604 m

693 728 886 800 CCXLVIII.

478 898 646 940 canissruo
669 897 701 938 ru
724 895 857 938 cunrsro
880 894 965 936 rrnro
988 893 1110 934 nosrno

397 1005 550 1064 CAROLO
571 1003 841 1064 HISPANIARUM
862 1001 956 1061 REGI
977 998 1195 1061 carfloutco

533 1137 767 1214 CLEMENS
793 1137 920 1213 PAPA
949 1135 1054 1211 XIV.

917 1298 1016 1355 Romae,
1033 1302 1062 1346 to
1078 1296 1211 1346 decembris
1224 1298 1291 1345 tris.

263 1409 439 1478 Carissimo,
453 1415 510 1470 etc.
523 1405 645 1468 Utinam
658 1404 815 1486 explorati,
829 1423 864 1465 ac
873 1403 946 1465 satis
957 1402 1103 1484 perspecti
1118 1402 1216 1482 Regin
1227 1403 1297 1462 Tuae
1308 1399 1370 1461 bla-

221 1505 321 1582 jestati
332 1523 398 1567 esse
411 1510 534 1585 possent
546 1503 656 1580 intimi,
666 1503 776 1584 quibus
787 1501 886 1565 allecti
898 1520 1014 1579 sumus,
1028 1501 1118 1563 animi
1132 1500 1226 1563 nostri
1240 1518 1345 1563 sensus
1359 1525 1366 1560 :

223 1620 419 1682 cognosceres
430 1602 577 1684 prolecto,
595 1601 747 1663 carissime
758 1601 789 1662 in
804 1600 920 1663 Christo
933 1601 975 1663 fili
991 1607 1104 1671 noster,
1115 1606 1300 1682 quantopere
1315 1600 1367 1663 tibi

222 1704 352 1768 devincti
362 1703 557 1784 obstrictique
563 1702 658 1763 simus
667 1701 707 1762 ob
716 1699 954 1780 magnitudinem
963 1699 1123 1761 tuorumin
1131 1700 1192 1760 Nos
1201 1704 1232 1760 et
1242 1699 1273 1760 S.
1290 1697 1369 1760 hanc

223 1801 330 1863 Sedem
353 1800 563 1863 excellentium
577 1798 764 1860 meritorum.
780 1799 850 1871 Qua
865 1795 988 1877 quidem
1007 1796 1066 1860 boo
1087 1803 1223 1877 tempore
1244 1795 1369 1857 mirifice

224 1900 418 1961 cumulantur
432 1905 522 1978 atque
544 1900 654 1975 augent
664 1914 735 1956 cum
746 1895 776 1957 in
787 1895 944 1976 pristinam
953 1895 1113 1957 avenionis
1127 1895 1292 1958 Comitatus
1304 1896 1368 1957 Ve-

222 1997 314 2072 naisi,
338 1995 499 2058 Beneventi
516 2004 547 2055 et
570 1993 672 2054 Pontis
685 1993 770 2055 Corvi
789 1992 1027 2074 possessionem,
1047 1992 1154 2055 ot'flciis
1179 1992 1370 2073 potissimum

224 2092 283 2154 tuis
294 2100 384 2172 atque
398 2092 575 2154 auctoritate
589 2110 651 2171 qua
665 2090 745 2173 apud
759 2099 827 2153 tuos
838 2093 943 2172 polles,
952 2094 1012 2152 Nos
1029 2111 1094 2154 esse
1109 2091 1246 2153 inductos
1258 2110 1369 2170 agnos-

224 2189 333 2252 cimus.
352 2191 418 2252 Una
440 2207 510 2250 cum
527 2189 667 2252 Ecclesiae
685 2188 833 2251 ditionum
850 2190 1054 2253 incolumitate
1073 2190 1146 2252 illud
1159 2191 1266 2267 etiam,
1287 2193 1368 2272 quod

225 2286 420 2349 vehementer
431 2286 651 2366 exoptavimus,
666 2305 719 2366 per
734 2293 764 2348 te
774 2286 926 2348 consecuti
941 2305 1061 2364 sumus,
1077 2293 1184 2349 utnon
1198 2287 1295 2348 solum
1311 2286 1371 2348 sint

226 2384 329 2462 positae
344 2402 462 2462 omnes,
476 2402 541 2464 quae
556 2391 625 2446 ante
637 2384 846 2464 pontificatum
862 2393 998 2448 nostrum
1009 2385 1174 2448 inciderant
1189 2385 1368 2463 simultates,

226 2481 383 2546 sedetiam
401 2488 508 2543 mutua
520 2483 598 2543 inter
610 2483 685 2558 Nos,
701 2501 737 2544 ac
755 2483 1014 2562 prestantissimos
1032 2483 1183 2563 Nobisque
1197 2482 1368 2544 carissimos

224 2579 485 2659 Borboniosreges
494 2580 531 2642 sit
541 2579 707 2641 arctissime
716 2579 894 2643 confirmata
905 2579 1116 2642 benevolentia
1125 2578 1286 2659 acpietatis
1297 2596 1368 2640 con-

219 2675 347 2754 junctio.
360 2676 487 2738 Proinde
500 2695 581 2738 nunc
595 2695 713 2739 summa
729 2697 799 2740 cum
813 2681 966 2760 voluptate
977 2679 1168 2759 intelligimus
1177 2677 1367 2759 peregregios
1464 2675 1466 2679 ’

222 2791 285 2834 esse
300 2791 456 2835 successus
476 2780 584 2834 nostrae
602 2774 666 2852 jam
686 2774 804 2854 pridem
825 2775 856 2836 in
867 2782 897 2836 te
914 2775 1019 2856 positae
1032 2776 1159 2837 liduciae.
1176 2774 1368 2838 Meminimus

221 2867 302 2928 enim
308 2869 373 2945 jam
383 2887 419 2929 ex
431 2868 481 2928 illo
496 2869 668 2930 turbulento
677 2877 824 2949 tempore,
835 2890 905 2931 cum
916 2872 1047 2951 primum
1061 2871 1092 2931 in
1101 2870 1180 2931 banc
1193 2869 1276 2930 Beati
1289 2868 1366 2930 Petri

221 2964 396 3025 catlredram
421 2963 667 3041 conscendimus,
694 2965 732 3025 ad
755 2973 785 3026 te
807 2973 963 3046 tamquam
989 2966 1028 3026 ad
1050 2965 1239 3027 carissimum
1265 2965 1367 3024 lumen
1467 2987 1471 2995 ·

220 3056 373 3136 quoddam
383 3057 475 3120 luisse
487 3078 554 3141 spes
564 3078 669 3120 omnes
677 3067 795 3121 nostras
803 3078 971 3122 conservas.
982 3064 1048 3122 Tua
1059 3060 1211 3141 religione,
1222 3059 1369 3140 sapientia

223 3172 259 3215 ac
281 3155 312 3216 in
335 3157 396 3218 Nos
418 3155 528 3236 pietate
548 3156 653 3217 contisi
669 3157 734 3233 jam
760 3165 825 3218 tum
847 3158 877 3219 in
900 3158 1035 3222 animum
1058 3157 1298 3220 constantissime
1318 3158 1369 3219 in-

222 3253 363 3316 duximus
376 3253 440 3315 sore
456 3261 490 3315 ut
501 3253 708 3316 molestiarum
723 3272 760 3316 ac
772 3255 1006 3317 sollicitudinum
1024 3263 1206 3330 nostrarum,
1220 3262 1280 3317 ate
1298 3274 1367 3318 cer-

223 3350 340 3412 tissima
361 3351 454 3414 Nobis
477 3351 582 3413 solatia
596 3351 765 3414 existerent.
780 3352 916 3415 Assiduis
936 3353 1053 3416 eximiis
1073 3354 1117 3415 tui
1130 3353 1160 3415 in
1180 3354 1241 3415 Nos
1257 3354 1368 3415 amoris

222 3451 349 3529 indiciis,
363 3451 536 3532 mutuisque
549 3449 802 3512 necessitudinum
819 3451 944 3513 vinculis
960 3451 1056 3532 magis
1072 3451 1102 3513 in
1116 3452 1179 3514 dics
1195 3452 1226 3513 in
1243 3451 1301 3513 hac
1312 3470 1368 3514 ex-

221 3550 391 3629 pectatione
407 3555 511 3612 nostra
522 3547 788 3612 confirmabamur.
809 3548 868 3609 Sed
882 3568 943 3629 quo
958 3550 1056 3628 major
1070 3568 1106 3611 ac
1123 3548 1294 3611 diuturnior
1312 3547 1368 3608 luit

221 3649 330 3710 eximia
343 3649 408 3712 baec
421 3648 459 3711 de
473 3655 503 3711 te
513 3667 585 3730 spes
597 3653 711 3725 nostra,
722 3665 759 3709 eo
770 3665 852 3708 nunc
868 3647 1040 3710 uberiorem
1055 3648 1163 3714 lutitiae
1172 3647 1306 3711 iruotum
1317 3665 1368 3710 ca·

221 3747 336 3826 pimus,
353 3767 424 3812 curn
441 3756 473 3810 et
491 3755 590 3810 ratam
602 3747 685 3809 illam
700 3765 766 3809 esse
789 3746 952 3824 intuemur,
967 3754 998 3808 et
1013 3747 1043 3807 in
1065 3747 1171 3808 eadem
1184 3744 1370 3827 perficienda

222 3852 331 3922 tantas,
348 3865 384 3907 ac
397 3854 460 3911 tam
474 3845 602 3907 illustres
617 3863 699 3907 nunc
714 3841 872 3923 adiunctas
890 3863 954 3906 csse
972 3864 1078 3907 causas
1089 3845 1129 3908 ad
1144 3852 1175 3907 te
1185 3844 1366 3922 amandum,

222 3949 310 4020 teque
321 3943 460 4004 omnibus
472 3943 634 4023 gratissimi
648 3943 741 4007 nostri
756 3943 848 4005 animi
865 3943 972 4005 ciliciis
983 3944 1235 4025 prosequendum.
1248 3943 1296 4006 Ad
1309 3962 1367 4004 cu-

222 4039 395 4111 mulandam
411 4059 562 4102 summam
577 4041 656 4102 banc
675 4041 769 4104 nostri
786 4041 887 4120 gaudii
907 4041 969 4102 vim
983 4041 1110 4120 accedit,
1131 4040 1212 4122 quod
1228 4039 1311 4122 pacis
1330 4058 1366 4102 ac

221 4137 387 4200 concordior
397 4139 653 4217 tranquillitatem,
665 4140 753 4218 cujus
765 4140 826 4201 Nos
838 4140 1049 4222 cupidissimos
1058 4158 1124 4204 esse
1136 4138 1264 4218 jamdiu
1274 4139 1364 4216 nosti,

223 4239 391 4300 tirmissime
404 4237 567 4299 stabilitam
583 4257 649 4300 esse
663 4237 836 4314 redeamus,
859 4239 949 4320 idque
968 4247 1020 4301 tua
1036 4237 1187 4319 praestanti
1201 4237 1365 4316 pracsertim

221 4352 313 4411 opera
334 4331 414 4394 nacti
436 4331 548 4409 simus,
562 4332 645 4412 quod
668 4333 792 4395 anostri
811 4335 1004 4413 pontificatus
1019 4333 1103 4393 initio
1125 4330 1202 4392 votis
1225 4330 1364 4393 omnibus

222 4449 338 4509 semper
353 4429 579 4510 expetebamur.
595 4434 675 4504 Quas
694 4431 734 4492 ob
755 4450 818 4507 res,
832 4431 984 4492 carissime
1006 4429 1035 4489 in
1057 4429 1173 4491 Christo
1187 4429 1230 4491 tili
1251 4435 1363 4504 noster,

222 4527 405 4601 immortales
416 4525 468 4587 tibi
482 4526 592 4606 gratias
606 4526 762 4604 debemus,
771 4546 905 4607 quasque
916 4525 970 4588 etsi
985 4525 1094 4588 referre
1105 4544 1161 4607 pro
1170 4527 1294 4591 summis
1305 4526 1365 4589 tuis
