3194 5354
309 463 361 513 rot
735 449 940 506 chelindris
960 451 1023 505 xtv

308 563 431 634 dantus,
447 565 477 619 ut
492 557 649 636 diligenter
664 573 848 636 praecaveas,
864 560 1012 634 quatenus
1033 553 1141 615 schola
1158 556 1321 618 aolaustro
1335 557 1396 620 sint
1413 579 1463 621 se·

309 667 435 741 paratae,
449 656 495 716 rel
510 656 534 715 si
552 655 637 714 aliter
649 653 712 713 lieri
725 659 871 731 nequeat,
887 653 993 713 saltem
1012 652 1053 714 ita
1065 672 1196 733 congrue
1208 655 1415 737 instituantur,
1430 668 1463 722 ut

308 778 360 839 per
382 755 560 824 transitum,
581 759 611 814 et
628 751 881 814 intromissionem
904 751 1086 813 scholarium
1106 753 1184 814 intra
1206 763 1291 836 septa
1310 757 1415 837 quies,
1434 767 1464 820 et

307 853 498 918 observantia
521 851 666 934 regularis
686 847 801 910 turbari
816 848 898 910 nulla
919 846 1035 910 ratione
1057 850 1185 930 possint.
1209 852 1249 914 lis
1269 862 1373 916 autem
1392 856 1465 917 reli-2

306 952 417 1033 giosis,
432 950 483 1030 qui
500 948 624 1029 praelata
637 964 764 1008 munera
784 944 962 1025 suscipient,
976 945 1108 1014 dbbncti
1120 947 1212 1009 etiam
1223 949 1335 1013 virtuto
1353 960 1465 1014 smera

307 1046 496 1121 obedientia,
511 1043 676 1125 precipias,
690 1051 723 1102 ut
731 1041 883 1102 scholares
892 1059 963 1104 suos
971 1059 1030 1103 non
1043 1042 1137 1104 modo
1146 1042 1177 1105 iu
1184 1043 1290 1107 litteris
1301 1047 1463 1120 instruant,

307 1144 463 1205 sedetiam
478 1141 608 1222 pietatis,
628 1159 663 1199 nc
680 1137 831 1218 religionis
845 1137 1000 1218 principiis
1013 1137 1120 1203 sedulo
1129 1147 1160 1201 et
1175 1136 1293 1204 assidue
1307 1143 1464 1217 imbuant,

308 1239 349 1306 ita
372 1247 405 1298 nt
423 1238 535 1319 plurios
559 1238 588 1299 in
612 1232 800 1299 hebdomade
823 1234 990 1304 christiane
1009 1236 1202 1298 catecheseos
1217 1237 1388 1301 rudimenta
1408 1261 1465 1322 pro

308 1343 398 1417 (raptu
417 1338 634 1422 cujuscumque
653 1335 696 1394 eis
719 1331 856 1407 tradant,
876 1339 1074 1395 sacrosanctae
1087 1333 1183 1395 ltlissa
1200 1335 1347 1397 sacrificio
1360 1339 1466 1417 qnoti-

307 1435 367 1511 die,
383 1435 406 1495 si
423 1434 485 1494 lieri
496 1441 606 1514 potest,
622 1450 674 1492 eos
690 1430 827 1491 assistere
839 1429 963 1505 iaciant,
977 1448 1013 1493 ac
1022 1428 1135 1491 festivis
1146 1431 1253 1494 diebus
1266 1452 1320 1494 cos
1330 1434 1359 1495 in
1369 1452 1465 1503 unum

307 1538 503 1610 congregent,
526 1537 560 1593 ut
581 1527 684 1594 lusiori
699 1525 781 1587 serbi
805 1525 857 1594 Dei
881 1525 1097 1605 explicatione,
1113 1536 1372 1596 sacramentorum
1392 1551 1466 1613 per-

307 1629 460 1709 ceptione,
482 1628 661 1688 derotarum
684 1642 827 1705 precum,
848 1624 895 1684 vel
918 1622 1109 1703 psalmodia,
1130 1633 1182 1686 aut
1203 1627 1294 1689 officii
1312 1629 1351 1690 de
1375 1630 1466 1693 beata

307 1726 426 1805 Virgine
447 1724 542 1786 lttaria
564 1723 754 1797 recitatione,
775 1721 899 1802 aliisque
918 1722 1039 1803 pietatis
1058 1723 1194 1800 actibus,
1214 1733 1245 1786 ct
1264 1726 1465 1796 incitamentis

308 1824 448 1890 festivum
459 1822 557 1898 diem,
573 1829 664 1901 prout
675 1822 779 1896 decet,
793 1821 974 1902 transigant,
998 1822 1102 1903 sicque
1120 1823 1149 1883 in
1166 1823 1331 1887 Christiana
1349 1824 1464 1905 pietate

307 1919 549 1992 exercitatiores,
564 1927 594 1977 et
608 1917 814 1984 instructiores
828 1916 969 1978 evadant.
987 1917 1017 1986 Si
1032 1925 1133 1980 autem
1145 1919 1350 1998 contingeret,
1363 1928 1398 1983 ut
1411 1921 1464 1984 ubi

308 2018 425 2081 nullum
447 2016 655 2098 religiosorum
676 2016 844 2076 claustrum
862 2014 977 2091 existit,
1007 2016 1105 2098 aliqua
1128 2016 1231 2079 schola
1248 2017 1463 2097 institueretur,

307 2133 343 2178 ac
358 2114 526 2176 necessaria
548 2113 675 2190 alicuius
695 2109 825 2191 religiosi
840 2109 895 2171 riri
910 2129 1002 2191 opera
1014 2111 1176 2189 videretur,
1191 2111 1260 2182 licet
1274 2132 1394 2180 summe
1404 2116 1465 2178 eni-

308 2212 432 2274 tendum
447 2210 502 2287 sit,
524 2228 562 2271 nc
581 2210 642 2272 ullo
661 2224 796 2288 unquam
818 2215 954 2295 tempore
981 2208 1027 2277 vei
1046 2209 1114 2270 loeo
1134 2211 1287 2290 regulares
1307 2231 1326 2272 a
1342 2214 1464 2294 proprio

307 2311 438 2372 claustro
450 2309 626 2384 avellantur,
641 2316 775 2369 attamen
789 2306 992 2369 succurrendo
1005 2307 1200 2391 presentibus
1211 2309 1293 2389 regni
1314 2329 1351 2371 ac
1362 2312 1463 2393 populi

308 2409 393 2470 istius
414 2407 660 2482 necessitatibus,
675 2406 794 2487 quoties
808 2407 907 2468 nullus
920 2406 996 2473 atius
1010 2406 1134 2468 inveniri
1148 2408 1259 2488 possit,
1274 2408 1326 2488 qui
1341 2408 1464 2473 schola·

307 2523 376 2565 rum
388 2504 522 2582 regimen
534 2521 684 2564 assumere
699 2503 815 2579 valeat,
831 2520 891 2564 non
907 2504 1079 2582 renuimus,
1094 2505 1167 2585 quin
1186 2505 1362 2585 hujusmodi
1373 2507 1464 2571 etiam

310 2602 421 2662 scholis
442 2601 574 2679 aliquem
589 2599 760 2678 religiosum
774 2599 873 2667 virum
886 2601 996 2680 praellci
1008 2601 1185 2683 permittas,
1198 2603 1368 2667 dummodo
1377 2623 1462 2683 raro,

308 2718 344 2760 ac
367 2697 485 2760 nonnisi
508 2696 538 2756 in
558 2714 631 2756 casn
645 2696 774 2776 precisa
793 2696 980 2759 necessitatis
994 2697 1053 2760 bac
1069 2707 1172 2761 nostra
1185 2699 1329 2765 facultate
1352 2702 1463 2780 utaris,

308 2812 436 2877 eamque
451 2793 490 2857 ad
501 2802 622 2874 tempus
637 2792 691 2853 tibi
707 2791 883 2855 benevisum
897 2795 1065 2874 concedas,
1080 2797 1284 2861 renovandam
1302 2799 1428 2879 deinde,
1439 2801 1463 2864 si

309 2891 417 2957 eadem
430 2890 592 2960 necessitas
612 2889 782 2967 duraverit,
798 2911 832 2951 ac
854 2892 978 2955 demum
995 2894 1119 2961 omnino
1142 2896 1317 2976 provideas,
1338 2915 1377 2960 ne
1393 2897 1465 2961 reli-

308 2992 383 3078 giosi
397 2989 533 3074 predicti
546 2988 632 3067 alibi,
642 2988 773 3070 quamin
788 2989 879 3058 domo
891 2991 1015 3071 parochi
1028 2992 1085 3054 loci
1099 2993 1293 3072 commorari,
1309 3012 1346 3056 ac
1358 2994 1465 3076 degne

311 3091 437 3172 possint.
454 3089 601 3161 Caeterum
611 3085 857 3170 quandoquidem
874 3088 978 3167 Regis,
998 3107 1035 3150 ac
1052 3090 1261 3155 Oetovirorum
1272 3089 1464 3172 prelatorum

311 3187 480 3250 sollicitudo
499 3205 561 3248 non
578 3187 672 3251 modo
687 3185 726 3248 ad
739 3204 902 3267 puerorum
916 3185 1143 3255 instructionem
1158 3185 1324 3266 incumbit,
1339 3188 1392 3249 sed
1403 3189 1464 3249 mi-

310 3286 482 3349 serabilium
502 3286 672 3365 puellarum
687 3272 836 3366 precipue
854 3283 1001 3353 nobilium
1020 3284 1051 3345 in
1071 3285 1202 3365 pietate,
1221 3285 1309 3355 bonis
1329 3285 1461 3363 artibus,
1549 3343 1554 3352 ‚

309 3401 345 3448 ac
366 3400 513 3444 manuum
528 3382 681 3451 laboribus
692 3382 779 3460 juxta
799 3398 905 3451 earum
926 3379 1129 3452 conditionem
1148 3381 1342 3464 opportunis,
1356 3400 1392 3444 ac
1405 3399 1462 3442 ne-

311 3477 447 3547 cessariis
459 3477 679 3549 institutionem
691 3495 867 3558 promovere
883 3475 1075 3540 laudabiliter
1086 3477 1234 3557 intendit,
1252 3478 1310 3541 bac
1322 3479 1413 3540 etiam
1430 3480 1462 3548 in

311 3583 397 3658 parte
418 3594 524 3638 eorum
544 3575 685 3657 precibus
704 3574 909 3656 indulgemus,
933 3583 964 3637 et
979 3577 1162 3647 monasteria
1178 3575 1352 3648 monialium
1368 3575 1462 3645 etiarn

311 3659 492 3757 llpostolica
505 3673 574 3743 Sedi
598 3673 771 3743 immediate
789 3673 940 3753 subjecta,
963 3693 1031 3756 quae
1046 3692 1172 3745 numero
1195 3692 1407 3759 personarum,
1431 3683 1462 3736 et

310 3790 444 3851 congrua
455 3772 544 3847 dote,
559 3790 612 3834 sen
625 3770 818 3847 fundatione,
831 3771 1060 3852 commodisque
1068 3771 1181 3836 adibus
1195 3790 1288 3862 magra
1298 3780 1461 3854 praestant,

312 3868 382 3939 huic
396 3868 453 3950 pia
469 3868 648 3931 institutioni
663 3867 847 3946 addicimus,
865 3866 1077 3947 decernentes,
1093 3876 1128 3932 ut
1146 3870 1251 3954 puelia
1263 3869 1413 3952 predicte
1433 3869 1462 3932 in

306 3984 413 4030 earum
423 3965 562 4029 claustris
575 3965 666 4046 recipi
681 3964 822 4044 debeant,
839 3966 869 4027 in
880 3967 990 4048 quibus
1001 3968 1168 4051 diligenter,
1182 3988 1218 4032 ac
1227 3969 1366 4050 religiose
1381 3969 1463 4033 insti

311 4071 448 4143 tuantur,
463 4062 566 4144 ibique
580 4070 697 4124 serrata
711 4063 856 4127 clausura
873 4065 937 4146 lege
958 4072 1199 4143 commorentur,
1220 4065 1319 4132 donec
1332 4072 1445 4128 statum
1453 4111 1462 4144 ,

309 4161 354 4221 vel
366 4161 556 4242 religiosum,
571 4159 617 4221 vel
632 4159 821 4239 conjugalem
835 4162 973 4242 amplecti
988 4162 1155 4223 voluerint:
1170 4162 1229 4225 hoc
1240 4169 1342 4235 tamen
1354 4170 1462 4241 muto,

308 4257 425 4336 quodsi
440 4260 477 4322 ad
487 4257 640 4330 saecrrlaria
652 4264 723 4318 rota
736 4259 863 4320 transire
875 4258 1044 4338 instituant,
1059 4269 1221 4342 antequam
1230 4261 1462 4342 desponsantur,

309 4373 327 4412 a
346 4360 526 4421 monasterio
547 4357 748 4420 dimittantur.
774 4358 812 4416 Ut
831 4363 932 4419 antem
956 4359 985 4420 in
1009 4358 1198 4429 monasteriis
1224 4358 1296 4440 ipsis
1318 4358 1463 4439 regularis

308 4449 464 4535 disciplina
479 4465 581 4518 exacte
594 4463 738 4532 serretur,
752 4461 783 4516 et
797 4455 915 4536 piorum
935 4456 1127 4529 fundatorum
1140 4456 1231 4517 ruenti
1252 4454 1398 4534 satisfiat,
1413 4455 1462 4519 de·
