3194 5354
471 469 655 524 EPISTOLAE
672 469 718 523 ET
736 468 871 522 BREVlA
889 466 1124 522 surrectioni.
1321 474 1373 525 tot

222 583 366 642 nostrum
388 574 555 656 iosephum
566 572 768 654 euangelia,
780 579 811 634 et
822 570 1034 651 Algarbiorum
1050 587 1153 651 regem
1165 569 1371 638 fidelissimus

227 674 373 738 ordinarii
385 672 486 735 nuncii
498 671 657 733 novissime
672 670 711 733 ad
723 671 785 732 Nos
797 669 938 731 datarum
957 667 1196 750 pulcherrimum
1207 668 1282 731 illud
1295 667 1371 743 fuit,

226 773 376 853 nobisque
395 768 646 850 jrrcrnrdissimum
667 773 893 848 argumentum,
914 765 989 828 dum
1010 783 1072 828 nou
1094 766 1193 829 solum
1215 767 1373 838 mvenhsa

224 873 292 951 jaun
305 888 338 933 sc
351 869 450 932 isthuc
472 867 592 945 scribit,
612 866 666 928 sed
684 872 715 928 ot
730 884 801 928 cum
816 865 899 946 regni
918 864 995 927 lines
1014 863 1231 944 ingrederetur,
1257 872 1371 928 etcum

227 967 394 1050 principem
402 964 490 1026 iniret
503 965 628 1041 urbem,
642 970 673 1025 ct
688 962 838 1045 precipue
853 979 925 1023 cunr
944 960 983 1022 ad
996 961 1183 1040 biajestatem
1201 980 1289 1024 suam
1306 962 1365 1044 pri·

226 1083 314 1128 mum
328 1063 385 1126 sibi
394 1063 485 1125 datus
496 1070 575 1125 esset
586 1062 700 1140 aditus,
712 1060 939 1142 perhonorificis
952 1060 1041 1141 Regis
1055 1079 1127 1141 erga
1135 1079 1169 1123 se
1181 1061 1372 1142 benignitatis

226 1181 263 1224 ac
287 1163 390 1242 gutia
410 1179 484 1241 erga
502 1162 563 1223 Nos
587 1179 659 1222 vcro
682 1178 718 1222 ac
734 1166 872 1222 sancum
891 1159 970 1221 hanc
986 1160 1095 1222 Sedent
1112 1161 1234 1239 amoris,
1264 1163 1370 1243 studii,

224 1260 344 1342 pietatis
355 1278 392 1322 ac
407 1259 578 1321 officiorum
594 1259 732 1321 omnium
745 1258 1013 1339 significationibus
1031 1259 1075 1320 ita
1092 1266 1253 1341 exceptum
1278 1269 1369 1343 atque

226 1365 361 1420 amatum
372 1357 476 1433 tuisse,
485 1356 565 1418 utcd
576 1356 621 1418 sui
632 1356 787 1438 apostolici
797 1355 1174 1438 munerisgloriamneque
1186 1358 1371 1439 splendidius

225 1472 325 1535 neque
337 1453 520 1516 cumulatius
532 1453 698 1534 quidquam
715 1454 858 1515 accedere
873 1455 1016 1535 potuerit.
1032 1457 1076 1516 Ea
1088 1474 1122 1517 re
1137 1457 1199 1519 Nos
1212 1457 1371 1523 incredibi-

225 1551 292 1613 liter
316 1550 405 1612 letati
428 1568 554 1627 summ,
571 1568 643 1612 curn
657 1550 748 1613 tantis
768 1557 892 1631 tamque
914 1550 1074 1613 luculentis
1098 1552 1184 1632 regio
1208 1555 1370 1620 voluntatis

226 1649 445 1726 monumentis,
469 1655 533 1711 tam
555 1649 631 1710 beno
653 1648 827 1711 confirmari
849 1655 988 1710 mutuam
1012 1648 1089 1710 iuter
1107 1651 1168 1712 Noa
1200 1652 1369 1717 animorum

225 1745 467 1824 conjunctionem
489 1745 668 1807 videremus.
694 1747 883 1807 Renovetum
906 1746 1031 1826 proinde
1050 1754 1187 1810 nostrum
1208 1750 1267 1814 hoc
1292 1773 1370 1833 gau-

224 1842 325 1920 dium,
337 1842 488 1922 tantisque
509 1841 729 1904 accessionibus
749 1842 875 1904 miritice
889 1843 1113 1914 auctum‚dum
1134 1847 1245 1910 nostris
1266 1848 1371 1912 litteris

224 1938 374 2016 hlajestati
400 1938 467 1998 Sura
488 1936 679 1998 Fidelissima
706 1937 924 2016 significamus,
950 1937 1036 2018 eique
1071 1939 1305 2004 luculentissima
1334 1961 1370 2004 ac
1400 1963 1402 1967 ’

223 2037 374 2114 maxima,
389 2056 456 2117 quas
467 2053 628 2117 possumus
636 2036 800 2116 gratiarum
812 2035 912 2097 officis
925 2053 962 2096 ex
975 2035 1082 2097 intimo
1096 2037 1187 2099 animi
1202 2057 1291 2101 sensu
1302 2056 1370 2119 per·

224 2134 380 2210 solvimus,
392 2133 492 2194 lacere
502 2132 626 2194 minime
636 2150 808 2214 possumus,
821 2133 928 2195 dilecte
937 2133 979 2194 tili
993 2133 1100 2195 nobilis
1112 2135 1167 2213 vir,
1181 2137 1253 2216 quin
1262 2137 1369 2199 eodem

225 2237 363 2311 ternpore
376 2248 412 2291 ex
420 2248 457 2291 ea
471 2229 602 2311 piurima
610 2229 788 2309 egregiaque
801 2236 898 2310 parte,
910 2248 1003 2310 quarn
1015 2230 1045 2290 in
1057 2231 1290 2312 constringenda
1302 2252 1371 2294 arc-

225 2325 286 2387 tius
299 2332 407 2388 mutua
418 2325 497 2387 inter
513 2343 570 2386 nos
587 2325 796 2386 benevolentia
812 2324 961 2400 habuisti,
985 2325 1179 2402 conjicientes
1201 2326 1273 2407 quid
1290 2344 1371 2388 nuuc

225 2422 318 2484 etiam
331 2422 362 2483 in
375 2421 481 2484 eadem
495 2421 616 2504 publice
629 2440 665 2484 ac
679 2429 743 2484 tam
755 2423 895 2504 preclare
909 2423 1091 2486 declaranda
1101 2425 1369 2506 confirmandaque

225 2518 406 2597 prestiteris,
417 2518 592 2598 gratissime
605 2518 657 2580 tibi
670 2526 780 2581 nostra
792 2518 935 2600 omnique
946 2527 1072 2600 paterna
1086 2521 1210 2583 caritate
1222 2540 1258 2584 ac
1272 2522 1370 2604 petia

226 2615 469 2678 cumulatissime
486 2615 648 2678 voluntatis
662 2615 857 2678 exhibeamus
872 2617 1054 2680 testimonia.
1071 2621 1141 2694 Qua
1154 2621 1277 2700 quidem
1298 2640 1369 2685 cum
1395 2672 1396 2675 ,

226 2721 312 2776 mnia
328 2721 387 2777 tue
401 2734 473 2796 erga
492 2718 554 2778 Nos
574 2714 693 2796 pietatis
711 2733 748 2776 ac
765 2715 932 2777 devotionis
952 2715 1063 2778 fiducia
1083 2718 1314 2798 conjungimus,
1336 2727 1370 2780 ut

225 2828 288 2889 quo
300 2811 449 2891 precipue
462 2831 586 2874 suasore
600 2830 636 2872 ac
649 2811 813 2892 impulsore
827 2818 965 2873 nostrum
979 2812 1052 2874 illud
1068 2812 1213 2891 gaudium
1230 2821 1369 2877 exortum

223 2909 323 2989 primo
339 2928 404 2970 esse
416 2955 424 2982 ,
437 2928 472 2971 ac
481 2928 561 2970 nunc
571 2916 695 2970 auctum
709 2907 899 2986 agnoscimus
911 2952 919 2983 ,
929 2909 1136 2969 constantibus
1149 2909 1284 2986 ejusdem
1298 2928 1370 2970 con-

224 3005 298 3065 siliis
312 3005 418 3082 majori
432 3005 462 3066 in
475 3005 539 3066 dies
548 3004 735 3065 incremento
749 3002 966 3082 amplificatum
975 3002 1010 3062 iri
1025 3021 1086 3064 non
1100 3003 1283 3064 dubitemus.
1302 3007 1370 3064 llu-

221 3098 358 3177 jusmodi
370 3099 622 3180 amplissimorum
634 3117 705 3176 erga
716 3099 795 3170 Nos,
811 3116 846 3158 ac
858 3096 1052 3176 apost0Hcam
1062 3097 1141 3158 hanc
1155 3097 1262 3159 Sedem
1276 3099 1370 3160 meri-

223 3210 328 3263 torum
344 3207 466 3262 tuorum
478 3217 547 3260 eam
561 3215 678 3276 semper
691 3194 812 3256 aNobis
826 3194 929 3257 haberi
947 3195 1095 3256 rationem
1108 3213 1288 3275 cognosces,
1303 3215 1369 3277 que

225 3296 334 3377 parsit
349 3296 472 3376 egregia
495 3293 696 3374 singularique
718 3297 827 3354 nostre
845 3291 875 3352 in
896 3297 926 3353 te
944 3296 1075 3372 paterna
1091 3292 1321 3371 benevolentia,
1339 3294 1368 3355 in

227 3394 312 3472 cujus
324 3394 433 3475 pignus
447 3391 642 3473 apostolicam
663 3388 902 3452 benedictionem
916 3388 969 3449 tibi
983 3434 991 3462 ,
1006 3388 1116 3451 dilecte
1128 3388 1171 3450 tili
1184 3389 1292 3452 nobilis
1311 3390 1368 3465 vir,

228 3499 418 3572 peramanter
441 3490 641 3572 impertimur.
668 3490 783 3549 meum
799 3488 914 3558 hmo,
930 3495 1003 3557 etc„
1022 3489 1072 3548 dic
1089 3498 1107 3549 o
1125 3494 1252 3567 augusti
1273 3501 1367 3565 trac,

225 3595 417 3669 pontiytcatus
429 3595 526 3654 nostri
539 3607 619 3650 anno
628 3586 772 3648 oscado.

701 3698 885 3710 u*

749 3792 843 3862 XCV.

668 3941 807 3985 nisaeus
829 3940 924 3982 rlbtts

410 4040 600 4102 adaluuino
622 4039 670 4099 ΕΤ
692 4036 896 4099 CANONICIS
919 4034 1184 4097 CATHEDRALlS

626 4154 784 4207 aocsssra
800 4151 980 4202 moriensis

530 4250 764 4329 CLEMENS
791 4251 919 4326 ΡΑΡΑ
947 4248 1055 4324 XIV.

961 4381 1052 4436 homas,
1072 4383 1096 4424 tl
1111 4373 1204 4434 augusti
1223 4377 1291 4425 1770.

263 4477 392 4546 Dilecti,
416 4483 474 4538 cte.
490 4478 676 4558 iampridem
700 4477 808 4538 isthinc
831 4477 956 4557 pervim
974 4473 1139 4535 abductum
1160 4458 1365 4535 Venerabilenr
