3194 5354
223 496 257 545 to
650 486 855 543 mensures
873 485 938 541 XIV

222 614 314 657 causa
328 595 509 674 perlibenter
532 592 669 655 lecimus.
692 595 807 654 Verum
827 592 901 654 dum
915 599 1012 652 totam
1033 591 1112 652 banc
1132 608 1196 651 rem
1217 591 1377 671 aspende-

182 727 188 737 ·
221 708 333 769 remus,
349 692 446 753 multa
456 708 524 772 quc
537 691 594 755 seb
610 697 664 751 tuo
679 690 801 752 nomine
817 697 908 769 atque
926 689 1106 750 auctoritate
1127 695 1212 767 gesta
1234 688 1377 751 teruntur

221 787 321 850 induci
333 789 416 849 nullo
427 787 518 850 modo
527 786 698 868 potuimus,
709 794 743 847 ut
754 793 823 863 ote,
834 784 1027 847 dilectissime
1036 785 1067 846 in
1078 784 1197 847 Christo
1204 785 1245 848 lili
1256 793 1375 864 noster,

219 888 375 950 taetaesse
389 888 615 950 arbitraremur.
628 887 726 948 Probe
735 886 818 948 enim
826 883 972 966 pietatem
988 891 1073 945 tuum
1085 883 1377 964 nouimus,ejusque

219 987 351 1067 plurima
365 985 515 1047 babemus
533 985 661 1060 indicia,
680 1001 718 1046 ex
736 990 845 1065 quote
867 982 990 1061 diligere
1005 980 1168 1062 ecepimus,
1192 986 1307 1060 tuoque
1328 981 1377 1043 iu-

219 1083 316 1145 vieem
334 1099 437 1144 umore
449 1080 574 1162 perfrui.
590 1081 799 1143 Libentissime
816 1079 964 1160 siquidem
974 1090 1055 1139 nunc
1066 1076 1263 1141 recordamur
1279 1076 1374 1155 illius,

218 1201 285 1264 que
297 1187 386 1243 antea
399 1197 461 1242 non
473 1181 566 1242 semel
580 1178 750 1242 intercessit
763 1186 940 1240 mutuorum
953 1178 1030 1239 inter
1037 1179 1098 1241 Nos
1109 1176 1281 1239 officiorum
1294 1196 1375 1241 con-

216 1277 396 1358 junctionis;
406 1276 535 1338 namille
546 1276 609 1358 ipse
619 1276 786 1338 amos-inte
796 1283 987 1349 noster,eum
999 1274 1166 1337 sdbanclt.
1178 1276 1257 1338 Petri
1264 1277 1374 1340 Gatlre-

219 1378 306 1438 dram
314 1374 409 1438 evecti
420 1374 449 1436 in
460 1375 616 1439 universos
626 1374 838 1437 tlbristitldeles
846 1381 1008 1454 paternum
1022 1373 1158 1434 smmum
1171 1372 1372 1454 suscepimus,

219 1473 346 1535 miritlca
365 1471 477 1548 crevit,
495 1490 530 1534 ac
550 1472 677 1553 pristina
698 1470 747 1533 illa
772 1470 810 1532 de
830 1471 940 1533 virtute
961 1479 1014 1532 tua
1036 1469 1149 1532 llducio
1170 1464 1320 1549 majorem
1341 1471 1374 1536 ia

220 1568 346 1631 modum
368 1576 415 1629 est
433 1566 628 1648 amplificata.
642 1568 768 1628 Summa
787 1565 914 1646 proinde
935 1565 1100 1645 cupiditate
1121 1564 1324 1642 inoendimm,
1340 1576 1375 1630 ut

221 1666 322 1746 aliqua
337 1663 430 1725 Nobis
447 1682 512 1726 sese
532 1664 640 1727 offerat
658 1664 872 1746 opportunitas
889 1662 928 1724 ad
947 1664 1134 1724 volontatem
1148 1663 1227 1726 bane
1246 1682 1320 1743 erga
1343 1671 1374 1727 te

221 1768 355 1821 nostram
369 1756 571 1837 singularibus
581 1759 749 1839 quibusque
761 1757 921 1839 pontilicis
928 1756 1064 1819 caritatis
1075 1756 1256 1820 testimoniis
1267 1778 1375 1823 revere

221 1855 496 1938 comprobandam,
510 1873 608 1935 neque
619 1855 747 1917 dubium
758 1874 823 1917 esse
838 1854 931 1917 Nobis
946 1861 1065 1937 potest,
1081 1856 1158 1935 quin
1172 1864 1204 1919 tu
1225 1860 1373 1938 peculiari

220 1969 330 2032 genere
352 1949 450 2011 lilislis
471 1951 667 2013 observantie
688 1958 779 2031 atque
801 1949 912 2012 amoris
935 1950 1028 2013 Nobis
1050 1950 1313 2032 sisrespousurus.
1339 1955 1397 2015 le·

222 2048 321 2126 ipsum
339 2053 441 2106 tamen
456 2053 489 2106 ut
502 2064 681 2125 persuasum
699 2045 792 2107 Nobis
806 2044 937 2109 maxime
950 2063 1015 2108 esse
1033 2047 1143 2126 possit,
1162 2067 1181 2109 a
1198 2055 1229 2111 te
1249 2067 1375 2111 sunrmo

221 2162 311 2224 opere
319 2162 354 2205 ao
364 2142 813 2224 studioperonus,dilecttssime
823 2143 853 2204 in
863 2143 980 2204 Christo
991 2144 1031 2203 lili
1043 2146 1262 2226 noster‚Teque
1272 2147 1369 2209 ctiam

222 2251 312 2322 atque
324 2241 416 2303 etiam
431 2242 638 2318 obsecramus,
653 2249 686 2302 ut
701 2261 766 2323 quae
778 2250 864 2323 grata
878 2260 913 2303 ao
922 2241 1057 2320 iucunda
1071 2241 1108 2303 de
1124 2249 1153 2303 te
1166 2242 1258 2304 Nobis
1270 2243 1374 2306 efferri

221 2341 371 2420 cupimus,
389 2339 496 2400 eadem
512 2339 576 2419 ipse
589 2341 745 2402 cumulare
758 2338 890 2420 plurima
906 2359 977 2420 erga
991 2341 1051 2400 Nos
1068 2342 1219 2402 voluntate
1233 2342 1318 2418 velis,
1337 2363 1374 2404 ac

223 2436 388 2513 majoribus
406 2453 525 2515 semper
545 2436 680 2498 animum
696 2437 778 2497 hunc
796 2437 828 2497 in
840 2437 902 2497 Nos
917 2443 1003 2497 tuum
1024 2435 1145 2516 pietatis
1165 2439 1374 2500 monumentis

222 2533 412 2593 confirmare.
426 2533 463 2591 Et
474 2531 548 2611 quid
560 2532 683 2593 uberius
701 2532 733 2593 iu
746 2531 805 2594 hoc
818 2550 928 2612 genera
948 2551 984 2595 ae
1003 2531 1184 2595 luculentius
1200 2533 1300 2597 tacere
1313 2536 1374 2599 lroc

224 2639 360 2709 ternpore
374 2629 505 2709 poteris,
518 2648 611 2710 quam
626 2630 651 2691 si
663 2648 768 2692 omnes
788 2630 819 2691 in
835 2626 1047 2712 florentissima
1059 2638 1111 2692 tua
1125 2631 1255 2711 Didone,
1272 2634 1325 2714 qui
1343 2635 1373 2697 in

223 2733 336 2787 sortem
348 2724 466 2786 Domini
481 2725 580 2786 vocati
592 2724 787 2804 sentiscere
800 2744 835 2786 ac
848 2725 1017 2806 patrocinio
1036 2734 1089 2789 tuo
1107 2726 1220 2805 foveas,
1238 2748 1273 2790 ac
1295 2748 1375 2811 prae-

223 2823 326 2884 sertim
337 2825 388 2903 qui
402 2822 803 2905 animarumouramgemnt
822 2825 1016 2888 Venerabilis
1028 2828 1148 2888 Fratres
1159 2827 1327 2908 Episcopus
1336 2847 1374 2890 ee
1453 2838 1456 2844 ’

222 2919 413 3002 prosequaris
426 2919 650 2999 benevolentia,
663 2921 829 3001 sagrada,
841 2921 997 3002 quaeadte
1013 2922 1161 3001 referunt,
1174 2922 1323 3004 excipias,
1339 2933 1374 2986 ut

220 3020 290 3098 jura
305 3035 371 3097 sua,
385 3037 505 3100 sueque
514 3019 654 3082 Ecclesia
665 3039 713 3082 res
727 3038 834 3082 omnes
847 3020 902 3080 tibi
915 3019 1229 3083 commendatissimas
1240 3039 1305 3083 esse
1314 3040 1373 3084 oo-

221 3123 400 3196 gnoscentes
414 3117 612 3179 commissum
620 3116 677 3179 sibi
690 3118 843 3199 pastorale
855 3136 966 3181 munus
978 3118 1072 3182 libere
1083 3119 1281 3199 alacriterque
1296 3136 1373 3199 pos-

222 3215 282 3274 sint
293 3212 333 3274 ad
345 3214 451 3276 musti
465 3216 564 3294 gregis
580 3216 708 3278 salutem
730 3234 766 3277 ao
786 3216 948 3279 utilitstem
968 3221 1127 3279 exerceret
1143 3216 1232 3287 Quod
1247 3215 1372 3298 qualem

223 3326 284 3369 nou
301 3309 452 3370 minusad
464 3311 509 3371 tui
525 3311 656 3373 nominis
670 3312 791 3374 laudem
803 3312 989 3392 angleriam,
1001 3330 1094 3393 quam
1109 3312 1149 3375 ad
1162 3311 1280 3394 imperii
1293 3330 1373 3377 auc-

223 3405 392 3480 toritatem,
411 3414 442 3468 et
462 3407 501 3470 ad
516 3408 670 3488 publicam
687 3410 791 3491 populi
808 3409 864 3473 tibi
883 3409 1011 3489 subjecti
1029 3410 1279 3492 tranquillitatem
1292 3428 1374 3473 eou-

221 3501 384 3572 ducturum
406 3520 474 3566 esse
498 3503 587 3566 facile
605 3507 775 3587 perspicere
794 3527 851 3588 pro
873 3516 927 3570 tua
951 3507 1099 3589 sapientia
1119 3515 1216 3589 potes.
1239 3505 1274 3574 ld
1301 3525 1321 3569 s
1344 3514 1375 3569 le

221 3619 259 3663 ea
271 3600 364 3663 animi
385 3602 578 3666 contentione
593 3621 629 3666 ac
643 3604 842 3668 sollicitudine
862 3604 1050 3686 flagitamus,
1070 3625 1132 3687 qua
1151 3606 1287 3669 maxims
1299 3620 1376 3686 pos·

222 3716 344 3776 sumus,
359 3699 572 3763 nocertissime
585 3702 678 3765 Nobis
691 3702 868 3784 pollicemur
885 3704 969 3782 iore,
984 3712 1019 3767 ut
1030 3704 1069 3767 od
1082 3706 1143 3767 Nos
1158 3703 1268 3766 isthinc
1281 3708 1376 3783 uptu-

219 3795 346 3857 tissimis
359 3797 476 3859 nunciis
486 3798 537 3860 ills
548 3798 749 3881 perferantur,
764 3800 922 3881 exquibus
939 3800 1048 3862 eximie
1062 3798 1155 3862 letari
1167 3799 1245 3876 Nos,
1260 3816 1298 3861 ea
1307 3798 1376 3861 blo·

221 3891 405 3972 bismetipsis
421 3893 540 3974 ptaoere
553 3895 780 3976 quodammodo
795 3897 964 3977 possimus,
988 3897 1070 3977 quod
1091 3897 1275 3977 singularem
1293 3894 1326 3957 in
1344 3903 1375 3958 te

221 3989 412 4070 posuerimus
425 3999 585 4072 paternum
603 4014 740 4057 amorem
752 4003 908 4070 nostrum,
924 4014 959 4057 ac
970 3994 1129 4075 pristinam
1147 3993 1229 4057 illam
1240 3991 1375 4073 plurimi

221 4087 260 4149 de
273 4095 328 4150 tua
343 4090 454 4170 pietate
469 4089 612 4153 fiduciam
626 4092 733 4154 exinde
747 4092 919 4155 confirmari
935 4093 966 4154 in
987 4091 1080 4156 Nobis
1094 4099 1187 4171 atqua
1202 4087 1304 4168 augeri
1322 4088 1375 4150 vi-

220 4183 356 4249 deamus.
377 4190 505 4251 murum
530 4189 726 4270 apostoticam
752 4189 994 4255 benedictionem
1019 4189 1092 4262 tibi,
1123 4187 1315 4251 dilectissime
1341 4187 1375 4251 in

222 4282 339 4345 Christo
348 4285 390 4346 fili
398 4293 512 4363 noster,
524 4286 633 4348 intimo
640 4286 735 4349 nostri
744 4286 943 4362 eordisseusu
955 4286 1160 4349 amantissime
1170 4282 1373 4366 impertimur.

223 4382 336 4443 mlum
353 4383 468 4458 Rome,
494 4393 565 4457 etc,
590 4384 639 4444 die
663 4395 698 4445 to
718 4389 822 4446 martii
847 4396 938 4461 utto,
961 4387 1154 4464 pontificatus
1178 4387 1274 4445 uestri
1293 4401 1375 4445 aneo

218 4495 327 4558 praeno.

707 4568 865 4580 *a
