3194 5354
474 470 654 529 nrtsnonAE
673 473 718 526 ET
736 471 872 527 enavit
890 470 1124 526 sunncnonl:
1337 479 1373 529 oo

227 578 406 661 perlibenter
419 576 620 640 intelleximus
627 594 705 657 ,quo
719 576 831 652 studio,
841 590 961 655 quaqua
969 574 1122 655 ngilanna
1135 574 1165 636 in
1176 577 1373 641 commissum

188 701 191 705 ’
226 676 282 738 tibi
305 692 425 755 gregem
435 674 496 755 sis,
511 690 663 755 quamque
685 674 793 756 cupide
812 672 1003 755 amplectaris
1024 691 1130 736 omnes
1144 674 1223 738 illius
1233 679 1373 743 curanda

227 771 349 849 anatis,
371 789 495 852 acuerat
508 769 645 833 utilitatis
659 772 690 832 in
705 789 776 833 eum
791 768 965 832 inducenda
976 769 1226 851 opportunitates.
1241 774 1372 837 Proinde

226 885 297 931 oum
308 885 362 948 per
371 867 483 946 jubitei
497 868 769 948 promulgationem
782 867 969 948 dispensatos
983 869 1105 931 atNobis
1125 870 1287 934 antestium
1300 893 1373 937 mu-

225 982 333 1026 nerum
347 963 505 1027 thesauros
517 964 603 1027 istius
623 964 763 1027 Dioecesis
776 964 896 1044 populis
917 964 1049 1026 maxime
1068 965 1213 1028 salutares
1234 986 1300 1030 esse
1316 989 1373 1049 pro

207 1131 210 1136 ,
226 1067 279 1122 tua
292 1061 434 1142 pastorali
454 1061 611 1124 sedulitate
626 1061 747 1142 cupias,
768 1080 968 1144 magnamque
989 1065 1108 1128 obstare
1129 1067 1370 1146 evangelicorum

216 1150 430 1242 tparanornm
442 1159 627 1241 paucitatem
644 1159 745 1222 videas
759 1142 922 1238 Motene,
942 1162 981 1223 ad
991 1163 1130 1226 eamdem
1140 1164 1289 1244 producto
1308 1168 1371 1229 sal-

215 1251 285 1316 tem
298 1255 442 1337 temporis
455 1257 610 1319 intervallo
623 1255 808 1337 pensandam
822 1276 1004 1339 magnopere
1022 1260 1099 1340 petis
1113 1278 1132 1323 a
1147 1261 1255 1341 Nobis,
1268 1264 1370 1327 Vene-

223 1353 324 1416 rabilis
336 1357 450 1431 Frater,
463 1361 497 1416 ut
506 1355 651 1435 ampliare
661 1355 715 1416 tibi
724 1354 849 1417 velimus
858 1354 969 1432 jubilei
978 1357 1127 1437 spatium,
1139 1357 1280 1439 qnodque
1290 1359 1369 1423 intra

222 1449 394 1530 quindecim
407 1451 536 1528 dierum,
549 1470 602 1514 seu
613 1452 743 1514 duarum
754 1449 978 1528 hebdomodas,
996 1471 1050 1516 seu
1061 1453 1184 1533 triginta
1194 1453 1257 1516 dies
1269 1462 1369 1519 exten·

222 1544 341 1608 damus.
357 1547 534 1626 Huiusmodi
546 1548 748 1629 episcopalem
765 1546 995 1609 sollicitudinem
1016 1555 1111 1626 tuam,
1129 1556 1218 1629 atque
1236 1549 1316 1612 banc
1329 1549 1368 1610 de

224 1646 388 1725 apostolica
411 1647 594 1726 benignitate
620 1646 762 1709 fiduciam
789 1646 910 1708 inanem
930 1664 994 1709 esse
1016 1665 1207 1728 nequaquam
1224 1648 1366 1724 sinimus,

222 1746 314 1820 atque
333 1741 462 1820 idcirco,
474 1742 589 1824 quoda
608 1743 773 1806 Nobistam
791 1742 877 1804 enixe
888 1743 1041 1823 postrdas,
1054 1761 1090 1804 eo
1106 1743 1158 1805 tibi
1173 1744 1368 1806 concedimus

223 1838 323 1900 auimo
331 1884 340 1917 ‚
362 1845 396 1901 ut
412 1858 450 1901 ex
461 1839 519 1901 hae
534 1839 678 1918 geminati
687 1839 831 1921 temporis
846 1839 1060 1900 commoditate
1071 1840 1219 1902 maximos
1232 1840 1264 1902 in
1275 1840 1368 1902 istum

220 1955 342 2016 gregem
355 1938 462 1998 divina
475 1938 577 2017 gratie
595 1956 630 1999 ac
647 1937 720 1999 inte
738 1935 933 2016 jucunditatis
946 1935 1062 1998 tructus
1074 1935 1243 1998 redundare
1260 1936 1378 2017 capia<

222 2053 301 2095 mus.
329 2038 361 2095 ln
378 2054 414 2096 eo
436 2037 509 2097 certi
527 2034 648 2116 quidem
674 2053 778 2097 sumus
798 2042 866 2095 tuas
878 2050 985 2094 ornnes
1004 2050 1117 2113 operae,
1138 2032 1313 2112 diligentie,
1332 2051 1368 2094 ao

222 2130 375 2192 industrie
395 2138 497 2211 partes
522 2149 712 2212 nequaquam
734 2148 799 2193 asse
822 2128 991 2206 defuturas,
1016 2146 1052 2188 ac
1075 2127 1237 2210 plurimam
1260 2125 1367 2188 exinde

224 2227 386 2289 extiturum
412 2227 450 2288 ad
474 2227 614 2308 pristinas
639 2235 707 2289 tuas
731 2226 878 2288 diuturne
901 2223 1106 2287 sollicitudinis
1130 2243 1220 2286 curas
1245 2230 1368 2284 tuorum

222 2324 399 2386 meritorum
413 2325 624 2387 accessionem.
650 2327 696 2385 lta
717 2323 852 2404 proiecto
863 2323 1003 2404 preclare
1017 2321 1056 2383 de
1069 2320 1161 2382 Nobis
1175 2338 1193 2381 a
1216 2327 1246 2381 te
1262 2319 1368 2381 mereri

220 2421 474 2501 existimabimus,
497 2423 602 2504 quiin
629 2422 805 2502 gravissimo
826 2420 1021 2502 pontificatus
1044 2421 1219 2484 sustinendo
1242 2439 1368 2482 munere

221 2520 391 2600 hujusmodi
411 2522 544 2585 fidelium
565 2522 747 2603 populorum
767 2518 886 2607 pietatis
907 2517 1018 2581 auxilio
1041 2517 1232 2580 vehementer
1250 2516 1368 2597 indige-

222 2638 307 2698 mus,
325 2641 360 2683 ac
373 2640 443 2684 eum
463 2623 496 2684 in
508 2621 633 2684 modum
651 2618 822 2682 confirmari
842 2616 958 2696 egregie
976 2616 1076 2693 illam,
1098 2635 1189 2696 quam
1204 2634 1275 2696 erga
1294 2616 1366 2692 Nos,

223 2728 311 2802 atque
325 2723 404 2785 bano
415 2723 612 2804 apostolicam
625 2721 728 2783 sedem
739 2717 873 2779 declaras
882 2715 1105 2778 observantiam
1117 2734 1153 2776 ac
1165 2714 1367 2789 devotionem,

221 2817 269 2878 cui
279 2819 339 2880 Nos
350 2820 478 2881 invicem
489 2817 629 2898 singulari
640 2835 711 2895 erga
720 2822 750 2876 te
763 2813 863 2875 studio
871 2831 907 2874 ao
916 2812 1125 2874 benevolentia
1138 2810 1365 2891 respondemus.

221 2915 266 2973 Aa
280 2914 310 2974 in
330 2913 419 2991 hujus
438 2914 598 2995 pontificia
611 2910 773 2973 voluntatis
795 2910 902 2989 pignus
914 2907 1110 2988 apostolicam
1128 2906 1368 2968 benedictionem
1483 2950 1493 2968 .

222 3011 292 3086 tibi,
311 3010 494 3073 Venerabilis
513 3015 630 3086 Frder,
645 3016 763 3086 tueque
786 3004 855 3066 fidei
869 3003 1031 3103 r'misso
1045 3002 1158 3082 populo
1177 3006 1368 3081 peramanter

223 3105 418 3186 impertimur.
437 3109 549 3169 Dotom
563 3108 673 3176 Rome,
684 3110 754 3172 cta,
766 3102 817 3162 (lic
828 3109 864 3160 ³0
877 3102 953 3158 moti
967 3108 1060 3172 1⁷7⁰,
1068 3099 1260 3175 pontificatus
1270 3102 1368 3158 nostri

221 3221 303 3265 anno
316 3206 456 3266 secando.

719 3414 864 3483 LXXXI.

454 3575 675 3618 ormcrrssruo
699 3575 734 3617 rn
756 3575 891 3619 cnumro
913 3575 997 3617 rruro
1021 3574 1137 3618 nosrno

361 3678 556 3741 LUDOVICO
576 3679 758 3741 AUGUSTO
780 3679 1011 3741 GALLIARUM
1032 3678 1228 3740 DELPHINO

529 3808 763 3889 CLEMENS
790 3812 919 3955 Pupp
944 3810 1049 3888 XIV.

1011 3963 1110 4023 Rome,
1123 3968 1153 4012 to
1164 3963 1221 4013 maii
1237 3967 1304 4014 1770.

261 4066 469 4147 Dilectissimo,
487 4075 541 4128 etc.
557 4067 780 4145 Perjuoundum
798 4066 890 4128 Nobis
904 4067 960 4128 luit
973 4067 1140 4130 litterarum
1154 4075 1275 4131 tuarum
1284 4122 1285 4125 ,
1294 4069 1367 4132 olfi-

224 4160 320 4233 oiam‚
333 4181 369 4223 ex
382 4181 444 4242 quo
465 4163 664 4226 intelleximus
680 4165 822 4226 eximiam
837 4167 978 4228 Nostram
989 4186 1060 4247 erga
1075 4176 1105 4228 te
1116 4167 1300 4228 voluntatem
1313 4170 1366 4232 tibi

224 4274 289 4317 esse
301 4259 582 4339 perspectissimum.
598 4264 667 4334 Quae
680 4260 769 4340 igitur
782 4262 900 4343 paterni
917 4264 1010 4324 nostri
1024 4261 1181 4339 singularis
1192 4261 1222 4321 in
1233 4268 1263 4323 te
1275 4263 1366 4324 animi

177 4358 180 4364 '
225 4363 399 4429 argrrmenta
410 4356 473 4433 jam
484 4357 634 4426 dedimus,
646 4357 720 4419 dum
734 4377 853 4420 summa
871 4360 1024 4421 alacritate
1040 4359 1233 4437 apostolicam
1244 4361 1367 4441 dispen-

225 4448 370 4511 sationem
392 4452 430 4512 ad
452 4454 670 4515 ‹mntrabendas
693 4475 763 4517 cum
785 4457 977 4518 dilectissima
996 4457 1025 4517 in
1046 4457 1162 4520 Christo
1184 4460 1245 4523 lilia
1265 4466 1368 4539 nostra
