3194 5354
334 519 387 568 ³08
768 511 972 568 carminulis
990 512 1053 565 xlv

334 621 434 687 triani,
454 636 514 698 qua
528 626 645 678 caterua·
666 619 802 678 omniurn
819 619 999 698 populorum
1018 615 1105 676 saluti
1126 622 1262 694 satagere
1281 633 1317 676 ex
1338 614 1482 697 imposito

332 715 425 777 Nobis
439 733 564 776 munere
575 714 737 790 debemus,
753 714 950 774 adhibituros.
967 712 1089 773 lntorim
1104 711 1197 773 Nobis
1210 717 1258 772 est
1274 713 1481 791 gratissimum

331 821 360 874 ta
371 831 427 893 pro
442 812 525 891 regio
536 821 590 873 tuo
602 811 941 893 munificentissimoque
955 812 1058 874 animo
1074 812 1296 892 paratissimam
1309 831 1377 874 esse
1391 812 1430 874 ad
1446 832 1480 875 ea

329 912 463 973 subsidia
474 910 644 986 tribuenda,
660 929 696 971 ac
710 903 890 991 prestanda,
906 927 974 989 quaa
987 908 1117 989 plurima
1133 915 1214 970 certe
1233 909 1380 990 propositi
1392 911 1481 990 perli-

329 1007 426 1069 ciendi
439 1007 518 1069 ratio
530 1007 705 1087 postulabit.
722 1008 819 1086 AEque
832 1006 924 1067 Nobis
939 1013 1079 1086 pergrata
1090 1005 1147 1065 fuit
1160 1004 1309 1086 prudens,
1323 1013 1415 1087 atque
1429 1025 1481 1088 op

328 1113 459 1188 portum
479 1125 497 1166 a
519 1105 674 1183 Maiestate
687 1106 752 1165 Tua
772 1122 845 1165 cura
868 1110 1006 1183 suscepta
1021 1121 1059 1163 ne
1082 1121 1119 1163 ea
1140 1103 1292 1182 lleriaegre
1307 1122 1343 1164 ac
1357 1113 1480 1183 gravate

330 1203 448 1265 tinitimi
469 1202 622 1282 principes
643 1201 751 1262 lerant.
768 1203 881 1263 Verum
904 1206 938 1261 ut
960 1203 1021 1262 Deo
1039 1201 1200 1279 adjuvante
1218 1201 1350 1263 stabilire
1362 1203 1480 1282 possint

328 1299 393 1360 hec
408 1300 653 1378 omnia,suoquc
674 1307 809 1378 tempore
822 1297 925 1377 perfici
951 1297 1000 1358 illa
1025 1298 1196 1359 animorum
1215 1300 1429 1377 consensione,
1449 1310 1479 1361 et

325 1393 411 1468 juxta
425 1394 506 1456 illam
522 1394 731 1455 ecclesiasticae
743 1392 981 1455 mansuetudinis
992 1401 1023 1454 ct
1035 1393 1169 1454 caritatis
1182 1394 1290 1473 legem,
1303 1414 1369 1475 quar
1382 1396 1413 1456 in
1431 1397 1478 1457 bis

327 1490 458 1552 consiliis
477 1490 631 1570 capiendis
649 1491 821 1570 requiritur,
844 1490 917 1551 alias
940 1491 1032 1552 etiam
1056 1510 1074 1552 a
1097 1493 1254 1570 Majestate
1276 1496 1343 1554 'lna
1366 1495 1476 1575 suscipi

328 1593 418 1665 atque
432 1586 553 1666 adjungi
563 1593 703 1667 oportere
710 1591 811 1666 partes
822 1585 973 1660 ducimus,
985 1593 1075 1665 atque
1085 1586 1161 1647 adeo
1169 1587 1318 1667 cupimus,
1331 1587 1476 1649 nimirum

316 1691 362 1745 ‚ut
379 1703 471 1765 opera
492 1692 544 1745 tua
567 1685 726 1764 episcopus
745 1683 968 1745 Ratisboneusis
991 1684 1114 1763 ejusque
1133 1684 1265 1746 ecclesie
1288 1685 1475 1765 capitulum,

327 1781 375 1842 alii
391 1783 463 1843 item
477 1783 624 1862 episcopi,
638 1799 761 1862 quaqua
781 1780 908 1860 insignia
920 1788 1005 1857 sunt,
1018 1781 1150 1862 capitula
1168 1783 1381 1844 canonicorum
1396 1803 1477 1864 quos

326 1881 451 1962 propius
461 1881 592 1960 attingit,
610 1890 640 1942 et
657 1899 788 1961 quorum
802 1880 933 1941 maxime
952 1880 1075 1941 interest
1096 1898 1225 1959 praesens
1242 1898 1347 1942 earum
1361 1881 1477 1944 dioece-

319 1979 405 2040 sium
416 1987 527 2056 slatus,
540 1998 624 2060 aquo
645 1981 716 2042 item
731 1998 766 2041 ac
780 1978 881 2040 libenti
892 1977 993 2039 animo
1003 1995 1055 2038 eas
1069 1978 1294 2039 immutationes
1308 1978 1473 2060 accipiant.

326 2080 394 2140 llaec
408 2078 581 2155 babuimus,
595 2097 662 2157 quae
672 2078 702 2138 in
716 2075 872 2157 prasentia
886 2074 924 2136 ad
936 2082 966 2135 te
978 2074 1247 2154 perscriberemus3
1260 2083 1404 2137 <mierum
1412 2079 1475 2139 bia·

325 2175 422 2254 iestati
436 2179 506 2237 Tua}
527 2175 787 2256 persuasissimum
807 2171 1027 2234 essevolumus
1047 2171 1120 2232 nibil
1142 2172 1234 2232 Nobis
1252 2190 1318 2234 esse
1340 2175 1474 2254 optatius

324 2293 416 2354 quam
432 2274 505 2335 dum
520 2274 571 2335 Dei
590 2273 716 2353 gloriam
735 2271 925 2353 potissimum
940 2276 1160 2345 consectamur,
1174 2277 1208 2329 ut
1219 2278 1276 2331 tua
1289 2289 1350 2332 una
1365 2273 1474 2335 volun-

323 2373 377 2433 tati
391 2372 484 2433 divini
496 2373 594 2434 cultus
609 2371 836 2433 studiosissimae
858 2368 1088 2447 satisfaciamus,
1102 2369 1206 2449 tuique
1227 2369 1359 2432 nominis
1373 2372 1471 2447 laudi,

324 2488 360 2529 ac
377 2469 558 2550 populorum
579 2477 701 2532 tuorum
720 2467 840 2529 utilitati
859 2465 1062 2528 consulamus.
1088 2468 1214 2527 Demum
1233 2467 1264 2527 in
1282 2467 1472 2530 manifestius

323 2574 532 2645 argumentum
547 2585 671 2627 summae
684 2565 854 2647 pontificiae,
865 2582 901 2625 ac
914 2570 1045 2644 paterna
1056 2563 1189 2625 caritatis
1206 2583 1266 2644 qua
1281 2573 1312 2626 te
1326 2571 1470 2647 tuamque

323 2665 489 2743 Augustam
505 2665 634 2723 Domum
651 2662 871 2743 prosequimur,
887 2661 1083 2742 apostolicam
1100 2661 1340 2723 benedictionem
1358 2665 1471 2743 Majes-

322 2763 524 2843 latiqueTuae,
538 2769 653 2841 tuaque
662 2761 909 2840 universaeRegioe
915 2759 1047 2821 Familia
1053 2759 1257 2822 amantissime
1266 2761 1467 2843 impertimur.

320 2863 432 2923 mlum
449 2861 560 2931 Rome,
575 2861 657 2938 apud
673 2862 817 2921 Sanctum
833 2861 962 2919 Marium
979 2861 1134 2934 imperem,
1158 2861 1212 2918 suo
1226 2861 1346 2921 Annulo
1358 2861 1470 2921 Pisca-

321 2962 403 3031 toris,
417 2957 466 3017 die
480 2969 511 3017 21
534 2961 608 3016 rraii
625 2969 696 3016 1774
703 3002 711 3033 ,
720 2960 912 3034 pontificatus
926 2958 1020 3016 nostri
1033 2972 1112 3014 carro
1128 2962 1224 3016 sexto.

813 3180 963 3252 CCLXX.

758 3338 904 3380 blancus
925 3338 1022 3379 rrius

457 3443 656 3514 PRAETORI,
686 3444 872 3520 SENATUI,
901 3445 951 3504 ΕΤ
976 3442 1318 3504 consummamur

547 3558 703 3606 crvrrans
726 3559 764 3607 rr
787 3559 984 3608 annunciem
1007 3558 1229 3619 lovannensis,

600 3662 861 3743 acaunus
895 3665 1028 3742 rura
1061 3634 1179 3741 XIV.

1105 3817 1202 3876 Roma,
1212 3819 1238 3866 ll
1248 3813 1296 3861 mai
1311 3817 1381 3863 llll.

352 3921 475 3990 Diioui,
487 3929 543 3981 etc.
555 3922 677 3983 Minime
688 3924 790 3985 mirari
806 3922 931 4000 debetis,
949 3923 1050 3985 dilecti
1060 3922 1125 4002 dlii,
1136 3924 1219 4004 quod
1230 3921 1338 3985 litteris
1354 3925 1462 3985 vestris

311 4017 359 4078 die
374 4029 410 4079 24
426 4019 562 4097 prater-iti
584 4021 761 4099 septembris
784 4020 821 4082 ad
836 4024 896 4083 Nos
914 4022 993 4083 datis
1009 4022 1190 4103 respondere
1204 4021 1390 4102 aliquamdiu
1404 4023 1462 4085 dis·
1499 4026 1502 4031 ’

311 4115 476 4176 tulerimus.
493 4117 536 4176 Ea
549 4116 629 4176 enim
647 4117 678 4176 in
701 4117 757 4178 illis
771 4119 970 4200 postulabatis
983 4120 1023 4180 ob
1040 4137 1105 4200 qus
1125 4119 1347 4200 expectandum
1366 4120 1462 4182 Nobis

310 4216 390 4286 crat,
403 4218 438 4272 ut
449 4212 592 4273 certiores
602 4219 689 4273 antea
700 4214 896 4277 redderemur
910 4216 1078 4277 executioni
1093 4216 1253 4278 mandatas
1268 4216 1355 4278 isthic
1366 4214 1461 4279 luisse

310 4312 427 4367 nostras
446 4310 625 4388 apostolicas
636 4310 762 4389 litteras,
776 4313 806 4372 in
826 4313 935 4392 quibus
955 4314 1106 4375 societatis
1118 4317 1190 4376 lesu
1205 4314 1342 4376 ordinem
1352 4316 1459 4394 justis·

308 4403 393 4463 simis
406 4408 533 4483 permoti
554 4411 653 4470 causis
672 4411 883 4488 abolebamua;
900 4412 982 4490 quod
1002 4411 1126 4492 quidem
1142 4414 1223 4494 apud
1239 4431 1294 4474 ros
1315 4413 1457 4475 ellectum

307 4519 371 4563 csse
381 4501 507 4581 tardius,
521 4525 613 4584 qnam
627 4509 657 4568 in
676 4509 741 4570 aliis
761 4510 900 4571 catholici
916 4510 998 4573 orbis
1015 4511 1152 4592 partibus
1162 4511 1360 4593 postmodum
1372 4513 1457 4575 inlel-
