3194 5354
201 489 254 537 200
628 482 833 536 clfinrfflts
853 480 917 536 xlv

199 588 355 668 granisque
369 606 406 647 ac
418 587 539 667 pietatis
555 587 661 667 spiritu
676 586 874 661 inflammari,
890 587 921 647 id
935 606 1006 648 iero
1020 587 1182 667 intelligere
1197 588 1293 650 Nubis
1308 597 1352 649 est

197 683 461 761 iucundissimum.
477 683 625 745 llaximas
634 683 747 745 idcirco
756 684 926 764 pergimus,
941 692 1033 765 atque
1047 684 1236 747 immortales
1249 686 1353 748 omni-

199 783 390 864 potentium
409 783 536 859 habere,
561 801 596 844 ac
614 782 740 845 reddere
761 783 893 863 gratias,
910 782 1041 861 cujusin
1058 791 1089 844 te
1104 802 1245 861 summa,
1259 792 1352 866 atque

197 880 307 941 eximia
326 878 475 940 beneficia
493 886 633 941 constare
657 881 877 960 cognoscimus.
900 883 947 942 Tu
969 900 1039 943 vero
1054 901 1157 964 perge,
1175 883 1287 946 dilecte
1309 886 1350 947 tili

196 977 305 1040 nobilis
322 977 378 1053 vir,
399 983 548 1057 quantum
574 975 633 1038 tuis
653 976 789 1039 diffidere
809 978 922 1039 viribus
951 984 1071 1040 tantum
1093 977 1197 1041 dirina
1213 979 1351 1043 bonitate

196 1074 251 1135 niti
264 1074 296 1135 in
312 1077 418 1136 Jesnrn
429 1075 580 1136 Christum
592 1074 816 1156 redemptorem
831 1095 868 1137 ac
887 1075 1087 1139 mediatorem
1104 1084 1245 1141 nostrum
1263 1081 1350 1159 cogi-

196 1174 325 1236 tationes
338 1193 375 1235 ae
392 1193 462 1255 spes
475 1191 582 1236 omnes
597 1173 765 1252 conjicere,
786 1173 817 1234 in
837 1192 874 1235 eo
893 1174 1014 1251 conam,
1028 1193 1065 1237 ac
1076 1176 1197 1256 operari
1218 1177 1348 1240 salutem

195 1282 281 1335 tuam
294 1281 385 1354 atque
395 1273 435 1334 ad
445 1272 547 1334 aeterni
559 1272 655 1333 Patris
668 1273 796 1350 gloriam
811 1290 865 1352 per
885 1291 956 1335 cnm
969 1274 1139 1355 adspirare,
1158 1275 1211 1357 qui
1224 1284 1272 1338 est
1288 1278 1348 1343 ria.

193 1371 321 1446 veritas,
341 1389 379 1433 ac
392 1370 472 1447 vita,
492 1389 547 1452 per
566 1388 658 1450 quem
676 1370 789 1432 scilicet
813 1390 851 1432 ex
871 1371 918 1432 his
932 1373 1065 1435 tenebris
1082 1373 1122 1434 ad
1146 1374 1347 1438 inextinctum

193 1469 325 1530 veritatis
334 1470 453 1547 lnnren,
467 1486 504 1530 ac
514 1468 721 1529 beatissimam
731 1468 797 1529 u'ta
810 1467 1069 1532 immortalitatem
1089 1469 1290 1534 traducimur.
1313 1476 1347 1535 ln

194 1565 253 1627 lroc
266 1567 389 1647 quidem
401 1567 504 1628 seculo
516 1564 695 1627 certandum
701 1584 821 1646 semper
831 1575 879 1628 est
887 1568 993 1645 Nobis,
1005 1587 1078 1629 cum
1092 1568 1225 1650 undique
1234 1569 1347 1633 adver-

195 1665 344 1727 sariorum
356 1665 384 1725 ri
399 1672 489 1746 atque
496 1662 610 1724 insidiis
618 1663 789 1744 appetimur
797 1688 806 1739 ;
818 1663 871 1724 sed
881 1665 946 1742 ejus
954 1672 1054 1726 morte
1063 1664 1158 1726 vitam
1167 1666 1343 1747 recipimus,

191 1759 258 1835 ejus
270 1758 414 1838 sangnine
435 1758 617 1819 roboramur
632 1756 671 1819 ad
692 1756 868 1833 rictoriam,
879 1759 945 1836 ejus
964 1759 1089 1820 demum
1105 1759 1213 1823 virtute
1236 1762 1346 1825 trium·

191 1855 287 1933 phum
300 1874 406 1917 sumus
415 1853 549 1916 relaturi.
565 1856 637 1915 llaec
649 1871 721 1915 cnm
731 1854 785 1915 tibi
796 1854 883 1916 unice
893 1857 1049 1938 proposita
1059 1858 1098 1919 sit
1111 1858 1143 1920 in
1155 1866 1208 1921 tuo
1219 1859 1342 1937 timore,

191 1953 302 2026 tuaque
316 1945 503 2020 hnmilitate,
515 1943 642 2019 fidncia,
657 1943 688 2002 in
708 1960 803 2021 eaque
823 1960 879 2023 per
899 1945 951 2005 Dei
970 1945 1209 2009 misericordiam
1219 1946 1342 2009 assidue

190 2042 389 2118 confirmeris,
400 2049 433 2102 ut
446 2059 483 2102 cx
495 2039 764 2102 tuisintelleximus
773 2039 985 2118 litteris,tant0
996 2042 1206 2122 flagrantiores
1216 2043 1255 2106 ad
1269 2063 1342 2107 eum

188 2159 245 2219 pro
253 2148 284 2201 te
292 2158 364 2202 cum
373 2138 540 2219 gratiarum
553 2137 670 2198 actione
680 2135 986 2217 prccesellundimus,
995 2155 1092 2218 neque
1103 2140 1201 2201 ullum
1213 2140 1343 2203 sinimus

189 2238 340 2316 praeterire
360 2236 457 2312 diem,
480 2235 554 2316 quin
572 2251 723 2295 memores
740 2232 784 2293 tni
810 2233 839 2292 in
866 2234 1037 2313 peragendo
1061 2235 1211 2300 sacrificio
1232 2237 1340 2317 simus,

188 2342 277 2413 teque
293 2353 329 2393 ac
340 2332 465 2394 dilectas
476 2331 507 2390 in
519 2330 636 2390 Christo
646 2329 722 2389 filias
732 2328 847 2389 nobiles
856 2329 1011 2407 mulieres,
1019 2332 1195 2413 conjugem,
1203 2334 1341 2417 aliasque

188 2439 256 2492 tuas
269 2439 359 2510 atque
371 2430 542 2491 nniversam
557 2427 703 2488 familiam
718 2433 830 2488 aeterno
847 2428 927 2488 Patri
945 2446 999 2508 per
1021 2428 1246 2494 sanctissimam
1257 2430 1340 2495 illam

188 2547 245 2606 pro
265 2527 352 2589 nohis
373 2526 561 2588 immolatam
582 2525 713 2587 hostiam
740 2524 999 2588 commendemus.
1022 2528 1099 2588 llum
1124 2529 1188 2590 Nos
1206 2547 1246 2591 eo
1267 2528 1341 2591 inte

189 2621 292 2681 animo
308 2638 424 2696 sumus,
438 2620 565 2680 invicem
577 2625 641 2696 tua,
652 2627 835 2701 tuorumque
848 2640 910 2702 qua
919 2621 950 2682 in
961 2623 1023 2684 Nos
1036 2622 1121 2699 estis,
1138 2623 1254 2704 pietate
1270 2641 1340 2686 ma-

185 2735 318 2798 gnopere
328 2717 527 2791 delectamur,
538 2721 628 2796 atque
638 2715 707 2776 inde
720 2715 888 2778 uberrimos
900 2717 992 2779 Nobis
1007 2716 1209 2798 Ecclesimque
1219 2716 1336 2779 fructus

185 2815 329 2878 extituros
339 2813 530 2891 confidimus,
542 2832 613 2875 cum
624 2833 700 2895 quos
709 2815 808 2876 Nostri
822 2814 1210 2898 pontificatustemporibus
1217 2832 1338 2878 succes

184 2932 236 2974 sus
250 2913 417 2988 desideras,
430 2911 553 2972 eosdem
565 2909 690 2971 summis
707 2912 799 2971 aDeo
812 2911 997 2991 assiduisque
1009 2911 1236 2994 precationibus
1247 2910 1336 2975 ellla-

183 3011 341 3091 gitasNos
352 3009 476 3092 quidem
484 3009 730 3089 cogitationibus,
738 3008 817 3069 curis
826 3026 862 3069 ao
873 3007 1174 3071 laboribusomnibus
1184 3026 1248 3071 non
1260 3028 1336 3073 nos-

184 3119 274 3189 tram,
291 3110 343 3173 sed
356 3111 408 3172 nei
424 3111 551 3190 gloriam
565 3109 736 3190 quaerimus,
751 3125 868 3189 proque
879 3105 988 3169 eadem
1002 3107 1095 3168 iilam
1112 3108 1211 3188 ipsam
1225 3098 1337 3188 pacisci

183 3229 220 3270 ac
234 3210 414 3290 prosimdere
436 3209 531 3288 parati
547 3226 662 3269 sumus.
676 3208 719 3268 Ea
735 3207 766 3268 in
778 3206 920 3267 Ecclesiae
939 3207 1064 3267 utilitate
1080 3205 1290 3286 provehenda,
1305 3208 1336 3267 iu

185 3306 395 3386 amplificanda
409 3306 563 3385 religione,
577 3307 607 3365 in
618 3303 753 3367 curanda
764 3304 935 3366 animarum
951 3304 1046 3365 salute
1059 3303 1251 3384 potissimrnn
1261 3318 1336 3363 con-

182 3402 303 3463 tinetur.
321 3405 455 3477 Quorum
471 3404 608 3463 omnium
619 3420 689 3464 cum
702 3399 865 3462 commissa
884 3408 994 3462 nostrae
1011 3400 1082 3462 fidei
1101 3397 1257 3462 solicitudo
1277 3398 1333 3469 sit,

181 3499 294 3580 optimc
309 3500 467 3579 intelligis,
488 3506 636 3581 quantum
650 3500 688 3560 sit
709 3496 843 3580 pondus,
863 3516 955 3579 qnam
969 3497 1127 3559 imbecillis
1144 3495 1257 3558 viribus
1269 3514 1335 3558 sus-

181 3596 337 3661 tinendum
351 3607 381 3660 et
393 3617 485 3680 quam
495 3597 592 3660 enixis
603 3595 729 3678 proinde
743 3594 876 3657 fidelium
889 3594 1028 3657 omnium
1041 3595 1193 3675 precibus,
1208 3611 1245 3656 ac
1256 3595 1335 3655 votis

181 3696 276 3756 fulciri
288 3697 515 3778 quodammodo
524 3700 598 3775 Nos,
612 3716 648 3758 ac
659 3695 794 3757 roborari
804 3713 925 3757 neeesse
937 3695 984 3756 sit.
998 3696 1057 3755 Pro
1067 3700 1121 3756 tuo
1131 3692 1222 3773 igitur
1231 3692 1335 3754 inNos

180 3795 280 3855 studio
295 3796 418 3873 leceris,
432 3797 455 3857 si
474 3795 683 3858 infirmitatem
695 3800 830 3855 nostmm
850 3810 910 3854 non
932 3792 1104 3855 intermisso
1123 3789 1337 3875 precationum

179 3891 295 3955 anulio
317 3896 545 3969 sustentaveris,
561 3913 659 3976 neque
682 3891 765 3954 aliud
786 3892 937 3974 putaveris
950 3891 1085 3954 officium
1101 3891 1200 3953 ullum
1219 3888 1252 3952 in
1271 3890 1334 3952 Nos

180 3998 267 4053 tunm
283 4010 350 4054 esse
362 4011 449 4072 posse
461 3994 555 4054 Nobis
565 3993 612 4054 vel
623 3990 822 4073 opportunius
831 3991 879 4053 vel
890 3990 1053 4073 acceptius.
1069 3992 1148 4052 Eum
1160 3987 1191 4050 in
1205 3986 1335 4050 modum

179 4090 324 4167 praeclare
337 4089 527 4169 responderis
538 4106 667 4151 summae
679 4087 721 4148 illi
734 4105 771 4148 ac
781 4087 925 4167 singulari
939 4093 1074 4168 paternae
1084 4083 1212 4161 caritati,
1223 4100 1287 4164 qua
1303 4089 1335 4146 te

179 4188 399 4268 prosequimur,
416 4206 537 4268 quaque
555 4186 750 4270 apostolicam
771 4184 1014 4248 benedictionem
1035 4180 1162 4247 caelestis
1184 4179 1336 4244 bencdic-

181 4286 268 4348 tionis
278 4289 430 4369 auspicem
441 4287 676 4349 NobilitatiTuae
691 4292 799 4346 actam
808 4284 924 4347 dilectae
937 4283 1029 4346 Nobis
1040 4279 1163 4346 familiae
1172 4286 1335 4363 peraman-

181 4392 226 4441 ter
238 4384 438 4463 impertimur.
459 4390 568 4448 Dolum
589 4387 706 4452 Romae,
730 4389 799 4454 etc,
819 4384 869 4443 die
891 4394 921 4444 tt
939 4385 1084 4461 januarii
1105 4383 1335 4461 177²,ponlt'fi-

178 4488 264 4541 <oras
276 4490 370 4543 nostri
379 4505 460 4547 anno
471 4491 569 4555 tertio.

670 4612 850 4625 Μ
