<?xml version="1.0" encoding="UTF-8"?>
<!DOCTYPE html PUBLIC "-//W3C//DTD XHTML 1.0 Transitional//EN"
    "http://www.w3.org/TR/xhtml1/DTD/xhtml1-transitional.dtd">
<html xmlns="http://www.w3.org/1999/xhtml" xml:lang="en" lang="en">
 <head>
  <title>
</title>
<meta http-equiv="Content-Type" content="text/html;charset=utf-8" />
  <meta name='ocr-system' content='tesseract 3.04.00' />
  <meta name='ocr-capabilities' content='ocr_page ocr_carea ocr_par ocr_line ocrx_word'/>
</head>
<body>
  <div class='ocr_page' id='page_1' title='image "./clementisxivpon01clemgoog_0043.png"; bbox 0 0 3194 5354; ppageno 0'>
   <div class='ocr_carea' id='block_1_1' title="bbox 666 466 949 523">
    <p class='ocr_par' dir='ltr' id='par_1_1' title="bbox 666 466 949 523">
     <span class='ocr_line' id='line_1_1' title="bbox 666 466 949 523; baseline 0.004 -1"><span class='ocrx_word' id='word_1_1' title='bbox 666 466 866 522; x_wconf 86' lang='lat' dir='ltr'>CLEMENTIS</span> <span class='ocrx_word' id='word_1_2' title='bbox 884 468 949 523; x_wconf 85' lang='lat' dir='ltr'>XIV</span> 
     </span>
    </p>
   </div>
   <div class='ocr_carea' id='block_1_2' title="bbox 749 637 885 706">
    <p class='ocr_par' dir='ltr' id='par_1_2' title="bbox 749 637 885 706">
     <span class='ocr_line' id='line_1_2' title="bbox 749 637 885 706; baseline 0.007 -1"><span class='ocrx_word' id='word_1_3' title='bbox 749 637 885 706; x_wconf 92' lang='lat' dir='ltr'>XXXII.</span> 
     </span>
    </p>
   </div>
   <div class='ocr_carea' id='block_1_3' title="bbox 341 806 1270 992">
    <p class='ocr_par' dir='ltr' id='par_1_3' title="bbox 341 806 1270 992">
     <span class='ocr_line' id='line_1_3' title="bbox 491 806 1119 853; baseline 0.006 -4"><span class='ocrx_word' id='word_1_4' title='bbox 491 806 660 849; x_wconf 75' lang='lat' dir='ltr'>clausaruo</span> <span class='ocrx_word' id='word_1_5' title='bbox 681 807 715 849; x_wconf 85' lang='lat' dir='ltr'>m</span> <span class='ocrx_word' id='word_1_6' title='bbox 738 807 870 850; x_wconf 83' lang='lat' dir='ltr'>cumsro</span> <span class='ocrx_word' id='word_1_7' title='bbox 895 807 975 850; x_wconf 84' lang='lat' dir='ltr'>rrnro</span> <span class='ocrx_word' id='word_1_8' title='bbox 999 809 1119 853; x_wconf 85' lang='lat' dir='ltr'>uosrno</span> 
     </span>
     <span class='ocr_line' id='line_1_4' title="bbox 341 918 1270 992; baseline 0.013 -12"><span class='ocrx_word' id='word_1_9' title='bbox 341 918 491 981; x_wconf 71' lang='lat' dir='ltr'>canoto</span> <span class='ocrx_word' id='word_1_10' title='bbox 512 920 742 982; x_wconf 79' lang='lat' dir='ltr'>EMMANUIILI</span> <span class='ocrx_word' id='word_1_11' title='bbox 763 920 959 984; x_wconf 77' lang='lat' dir='ltr'>SARDINIAE</span> <span class='ocrx_word' id='word_1_12' title='bbox 979 925 1072 986; x_wconf 84' lang='lat' dir='ltr'>REGI</span> <span class='ocrx_word' id='word_1_13' title='bbox 1092 926 1270 992; x_wconf 82' lang='lat' dir='ltr'>ILLIJSTIII</span> 
     </span>
    </p>
   </div>
   <div class='ocr_carea' id='block_1_4' title="bbox 538 1050 1063 1134">
    <p class='ocr_par' dir='ltr' id='par_1_4' title="bbox 538 1050 1063 1134">
     <span class='ocr_line' id='line_1_5' title="bbox 538 1050 1063 1134; baseline 0.008 -4"><span class='ocrx_word' id='word_1_14' title='bbox 538 1050 771 1130; x_wconf 87' lang='lat' dir='ltr'><strong>CLEMENS</strong></span> <span class='ocrx_word' id='word_1_15' title='bbox 800 1055 929 1132; x_wconf 87' lang='grc' dir='ltr'>ΡΑΡΑ</span> <span class='ocrx_word' id='word_1_16' title='bbox 956 1056 1063 1134; x_wconf 77' lang='lat' dir='ltr'>XIV.</span> 
     </span>
    </p>
   </div>
   <div class='ocr_carea' id='block_1_5' title="bbox 943 1202 1312 1299">
    <p class='ocr_par' dir='ltr' id='par_1_5' title="bbox 943 1202 1312 1299">
     <span class='ocr_line' id='line_1_6' title="bbox 943 1202 1312 1299; baseline 0.016 -17"><span class='ocrx_word' id='word_1_17' title='bbox 943 1234 1036 1295; x_wconf 71' lang='lat' dir='ltr'>Rome,</span> <span class='ocrx_word' id='word_1_18' title='bbox 1050 1241 1078 1285; x_wconf 74' lang='lat' dir='ltr'>aa</span> <span class='ocrx_word' id='word_1_19' title='bbox 1090 1202 1232 1299; x_wconf 84' lang='lat' dir='ltr'>septembris</span> <span class='ocrx_word' id='word_1_20' title='bbox 1243 1243 1312 1292; x_wconf 75' lang='lat' dir='ltr'>tlte.</span> 
     </span>
    </p>
   </div>
   <div class='ocr_carea' id='block_1_6' title="bbox 217 1348 1434 4353">
    <p class='ocr_par' dir='ltr' id='par_1_6' title="bbox 217 1348 1434 4353">
     <span class='ocr_line' id='line_1_7' title="bbox 270 1348 1375 1433; baseline 0.006 -21"><span class='ocrx_word' id='word_1_21' title='bbox 270 1353 445 1421; x_wconf 71' lang='lat' dir='ltr'>Carissimo,</span> <span class='ocrx_word' id='word_1_22' title='bbox 460 1357 516 1412; x_wconf 85' lang='lat' dir='ltr'>etc.</span> <span class='ocrx_word' id='word_1_23' title='bbox 527 1349 627 1410; x_wconf 91' lang='lat' dir='ltr'>Serius</span> <span class='ocrx_word' id='word_1_24' title='bbox 645 1348 838 1410; x_wconf 83' lang='lat' dir='ltr'>rescribimus</span> <span class='ocrx_word' id='word_1_25' title='bbox 850 1348 1073 1410; x_wconf 86' lang='lat' dir='ltr'>humanissimis</span> <span class='ocrx_word' id='word_1_26' title='bbox 1092 1351 1198 1414; x_wconf 86' lang='lat' dir='ltr'>litteris</span> <span class='ocrx_word' id='word_1_27' title='bbox 1209 1354 1375 1433; x_wconf 76' lang='lat' dir='ltr'>Maiestatis</span> 
     </span>
     <span class='ocr_line' id='line_1_8' title="bbox 228 1445 1374 1534; baseline 0.005 -24"><span class='ocrx_word' id='word_1_28' title='bbox 228 1456 288 1511; x_wconf 84' lang='lat' dir='ltr'>tuae</span> <span class='ocrx_word' id='word_1_29' title='bbox 303 1449 346 1523; x_wconf 84' lang='lat' dir='ltr'>de</span> <span class='ocrx_word' id='word_1_30' title='bbox 357 1450 424 1510; x_wconf 84' lang='lat' dir='ltr'>VIII</span> <span class='ocrx_word' id='word_1_31' title='bbox 434 1447 500 1526; x_wconf 88' lang='lat' dir='ltr'>julii</span> <span class='ocrx_word' id='word_1_32' title='bbox 515 1446 653 1529; x_wconf 84' lang='lat' dir='ltr'>proxime</span> <span class='ocrx_word' id='word_1_33' title='bbox 671 1446 763 1526; x_wconf 89' lang='lat' dir='ltr'>elapsi</span> <span class='ocrx_word' id='word_1_34' title='bbox 778 1446 816 1507; x_wconf 89' lang='lat' dir='ltr'>ad</span> <span class='ocrx_word' id='word_1_35' title='bbox 834 1448 897 1508; x_wconf 91' lang='lat' dir='ltr'>Nos</span> <span class='ocrx_word' id='word_1_36' title='bbox 916 1445 1010 1525; x_wconf 89' lang='lat' dir='ltr'>datis,</span> <span class='ocrx_word' id='word_1_37' title='bbox 1030 1447 1112 1527; x_wconf 91' lang='lat' dir='ltr'>quod</span> <span class='ocrx_word' id='word_1_38' title='bbox 1128 1454 1159 1510; x_wconf 85' lang='lat' dir='ltr'>el</span> <span class='ocrx_word' id='word_1_39' title='bbox 1171 1449 1255 1530; x_wconf 89' lang='lat' dir='ltr'>prius</span> <span class='ocrx_word' id='word_1_40' title='bbox 1266 1452 1304 1515; x_wconf 92' lang='lat' dir='ltr'>de</span> <span class='ocrx_word' id='word_1_41' title='bbox 1318 1454 1374 1534; x_wconf 88' lang='lat' dir='ltr'>iis,</span> 
     </span>
     <span class='ocr_line' id='line_1_9' title="bbox 227 1543 1376 1632; baseline 0.004 -24"><span class='ocrx_word' id='word_1_42' title='bbox 227 1565 294 1626; x_wconf 82' lang='lat' dir='ltr'>quae</span> <span class='ocrx_word' id='word_1_43' title='bbox 304 1545 494 1627; x_wconf 89' lang='lat' dir='ltr'>postulabas,</span> <span class='ocrx_word' id='word_1_44' title='bbox 504 1544 662 1606; x_wconf 88' lang='lat' dir='ltr'>deliberari</span> <span class='ocrx_word' id='word_1_45' title='bbox 676 1543 834 1624; x_wconf 78' lang='lat' dir='ltr'>diligenter</span> <span class='ocrx_word' id='word_1_46' title='bbox 846 1563 864 1606; x_wconf 91' lang='lat' dir='ltr'>a</span> <span class='ocrx_word' id='word_1_47' title='bbox 876 1544 969 1606; x_wconf 88' lang='lat' dir='ltr'>Nobis</span> <span class='ocrx_word' id='word_1_48' title='bbox 979 1545 1129 1627; x_wconf 90' lang='lat' dir='ltr'>oportuit,</span> <span class='ocrx_word' id='word_1_49' title='bbox 1139 1553 1170 1608; x_wconf 92' lang='lat' dir='ltr'>et</span> <span class='ocrx_word' id='word_1_50' title='bbox 1181 1547 1289 1611; x_wconf 89' lang='lat' dir='ltr'>deinde</span> <span class='ocrx_word' id='word_1_51' title='bbox 1303 1569 1376 1632; x_wconf 91' lang='lat' dir='ltr'>per—</span> 
     </span>
     <span class='ocr_line' id='line_1_10' title="bbox 227 1639 1374 1725; baseline 0.007 -23"><span class='ocrx_word' id='word_1_52' title='bbox 227 1640 338 1703; x_wconf 86' lang='lat' dir='ltr'>fectam</span> <span class='ocrx_word' id='word_1_53' title='bbox 346 1642 411 1719; x_wconf 88' lang='lat' dir='ltr'>jam</span> <span class='ocrx_word' id='word_1_54' title='bbox 422 1659 487 1702; x_wconf 88' lang='lat' dir='ltr'>rem</span> <span class='ocrx_word' id='word_1_55' title='bbox 499 1640 661 1701; x_wconf 90' lang='lat' dir='ltr'>maluimus</span> <span class='ocrx_word' id='word_1_56' title='bbox 675 1639 728 1701; x_wconf 91' lang='lat' dir='ltr'>tibi</span> <span class='ocrx_word' id='word_1_57' title='bbox 750 1658 843 1720; x_wconf 89' lang='lat' dir='ltr'>quam</span> <span class='ocrx_word' id='word_1_58' title='bbox 856 1647 1028 1721; x_wconf 81' lang='lat' dir='ltr'>susceptam</span> <span class='ocrx_word' id='word_1_59' title='bbox 1040 1641 1273 1725; x_wconf 81' lang='lat' dir='ltr'>inchoatumque</span> <span class='ocrx_word' id='word_1_60' title='bbox 1290 1666 1374 1710; x_wconf 91' lang='lat' dir='ltr'>nun·</span> 
     </span>
     <span class='ocr_line' id='line_1_11' title="bbox 226 1734 1375 1818; baseline 0.005 -17"><span class='ocrx_word' id='word_1_61' title='bbox 226 1739 317 1801; x_wconf 92' lang='lat' dir='ltr'>ciare.</span> <span class='ocrx_word' id='word_1_62' title='bbox 329 1738 364 1799; x_wconf 91' lang='lat' dir='ltr'>Id</span> <span class='ocrx_word' id='word_1_63' title='bbox 377 1756 458 1799; x_wconf 88' lang='lat' dir='ltr'>nunc</span> <span class='ocrx_word' id='word_1_64' title='bbox 466 1736 661 1798; x_wconf 88' lang='lat' dir='ltr'>libentissime</span> <span class='ocrx_word' id='word_1_65' title='bbox 675 1734 814 1815; x_wconf 86' lang='lat' dir='ltr'>facimus,</span> <span class='ocrx_word' id='word_1_66' title='bbox 827 1755 909 1815; x_wconf 92' lang='lat' dir='ltr'>cum,</span> <span class='ocrx_word' id='word_1_67' title='bbox 920 1737 1065 1818; x_wconf 86' lang='lat' dir='ltr'>expeditis</span> <span class='ocrx_word' id='word_1_68' title='bbox 1072 1740 1137 1818; x_wconf 75' lang='lat' dir='ltr'>iam</span> <span class='ocrx_word' id='word_1_69' title='bbox 1148 1759 1164 1801; x_wconf 91' lang='lat' dir='ltr'>a</span> <span class='ocrx_word' id='word_1_70' title='bbox 1174 1742 1266 1804; x_wconf 92' lang='lat' dir='ltr'>Nobis</span> <span class='ocrx_word' id='word_1_71' title='bbox 1278 1746 1375 1807; x_wconf 89' lang='lat' dir='ltr'>consi·</span> 
     </span>
     <span class='ocr_line' id='line_1_12' title="bbox 226 1834 1374 1917; baseline 0.007 -20"><span class='ocrx_word' id='word_1_72' title='bbox 226 1836 273 1898; x_wconf 92' lang='lat' dir='ltr'>liis</span> <span class='ocrx_word' id='word_1_73' title='bbox 284 1836 321 1898; x_wconf 91' lang='lat' dir='ltr'>de</span> <span class='ocrx_word' id='word_1_74' title='bbox 333 1834 542 1897; x_wconf 89' lang='lat' dir='ltr'>ecclesiasticis</span> <span class='ocrx_word' id='word_1_75' title='bbox 556 1834 707 1896; x_wconf 89' lang='lat' dir='ltr'>nonnullis</span> <span class='ocrx_word' id='word_1_76' title='bbox 722 1834 813 1896; x_wconf 90' lang='lat' dir='ltr'>rebus</span> <span class='ocrx_word' id='word_1_77' title='bbox 824 1835 855 1896; x_wconf 91' lang='lat' dir='ltr'>in</span> <span class='ocrx_word' id='word_1_78' title='bbox 866 1840 919 1896; x_wconf 94' lang='lat' dir='ltr'>tuo</span> <span class='ocrx_word' id='word_1_79' title='bbox 935 1835 1079 1898; x_wconf 85' lang='lat' dir='ltr'>Sardiniae</span> <span class='ocrx_word' id='word_1_80' title='bbox 1094 1856 1187 1917; x_wconf 77' lang='lat' dir='ltr'>regno</span> <span class='ocrx_word' id='word_1_81' title='bbox 1198 1839 1374 1906; x_wconf 88' lang='lat' dir='ltr'>ordinandis</span> 
     </span>
     <span class='ocr_line' id='line_1_13' title="bbox 225 1932 1372 2016; baseline 0.004 -20"><span class='ocrx_word' id='word_1_82' title='bbox 225 1935 293 1996; x_wconf 85' lang='lat' dir='ltr'>duae</span> <span class='ocrx_word' id='word_1_83' title='bbox 306 1938 465 2015; x_wconf 89' lang='lat' dir='ltr'>propterea</span> <span class='ocrx_word' id='word_1_84' title='bbox 479 1932 637 2013; x_wconf 78' lang='lat' dir='ltr'>encyclicae</span> <span class='ocrx_word' id='word_1_85' title='bbox 649 1939 759 1995; x_wconf 85' lang='lat' dir='ltr'>nostrae</span> <span class='ocrx_word' id='word_1_86' title='bbox 770 1932 809 1994; x_wconf 92' lang='lat' dir='ltr'>ad</span> <span class='ocrx_word' id='word_1_87' title='bbox 820 1933 887 1994; x_wconf 84' lang='lat' dir='ltr'>lbos</span> <span class='ocrx_word' id='word_1_88' title='bbox 900 1933 1058 2014; x_wconf 89' lang='lat' dir='ltr'>episcopos</span> <span class='ocrx_word' id='word_1_89' title='bbox 1070 1934 1242 2016; x_wconf 71' lang='lat' dir='ltr'>perscriptae</span> <span class='ocrx_word' id='word_1_90' title='bbox 1254 1936 1291 1999; x_wconf 89' lang='lat' dir='ltr'>ad</span> <span class='ocrx_word' id='word_1_91' title='bbox 1303 1941 1372 2001; x_wconf 89' lang='lat' dir='ltr'>bla-</span> 
     </span>
     <span class='ocr_line' id='line_1_14' title="bbox 222 2030 1372 2112; baseline 0.004 -18"><span class='ocrx_word' id='word_1_92' title='bbox 222 2033 362 2112; x_wconf 89' lang='lat' dir='ltr'>jestatem</span> <span class='ocrx_word' id='word_1_93' title='bbox 372 2037 455 2092; x_wconf 88' lang='lat' dir='ltr'>tuam</span> <span class='ocrx_word' id='word_1_94' title='bbox 466 2030 666 2112; x_wconf 75' lang='lat' dir='ltr'>proferentur.</span> <span class='ocrx_word' id='word_1_95' title='bbox 680 2030 785 2092; x_wconf 85' lang='lat' dir='ltr'>Conati</span> <span class='ocrx_word' id='word_1_96' title='bbox 794 2030 916 2111; x_wconf 91' lang='lat' dir='ltr'>quidem</span> <span class='ocrx_word' id='word_1_97' title='bbox 926 2031 957 2092; x_wconf 93' lang='lat' dir='ltr'>in</span> <span class='ocrx_word' id='word_1_98' title='bbox 969 2031 1005 2091; x_wconf 93' lang='lat' dir='ltr'>iis</span> <span class='ocrx_word' id='word_1_99' title='bbox 1017 2032 1077 2092; x_wconf 92' lang='lat' dir='ltr'>Nos</span> <span class='ocrx_word' id='word_1_100' title='bbox 1087 2050 1203 2110; x_wconf 87' lang='lat' dir='ltr'>sumus,</span> <span class='ocrx_word' id='word_1_101' title='bbox 1213 2041 1245 2096; x_wconf 88' lang='lat' dir='ltr'>et</span> <span class='ocrx_word' id='word_1_102' title='bbox 1254 2038 1372 2099; x_wconf 91' lang='lat' dir='ltr'>muneri</span> 
     </span>
     <span class='ocr_line' id='line_1_15' title="bbox 224 2118 1373 2213; baseline 0.006 -23"><span class='ocrx_word' id='word_1_103' title='bbox 224 2128 395 2191; x_wconf 82' lang='lat' dir='ltr'>satisfacere</span> <span class='ocrx_word' id='word_1_104' title='bbox 406 2135 521 2205; x_wconf 87' lang='lat' dir='ltr'>nostro,</span> <span class='ocrx_word' id='word_1_105' title='bbox 531 2134 561 2190; x_wconf 92' lang='lat' dir='ltr'>et</span> <span class='ocrx_word' id='word_1_106' title='bbox 572 2118 714 2208; x_wconf 80' lang='lat' dir='ltr'>singulari</span> <span class='ocrx_word' id='word_1_107' title='bbox 725 2147 761 2190; x_wconf 91' lang='lat' dir='ltr'>ac</span> <span class='ocrx_word' id='word_1_108' title='bbox 772 2146 841 2189; x_wconf 90' lang='lat' dir='ltr'>vere</span> <span class='ocrx_word' id='word_1_109' title='bbox 853 2128 936 2208; x_wconf 78' lang='lat' dir='ltr'>regio</span> <span class='ocrx_word' id='word_1_110' title='bbox 945 2128 1097 2191; x_wconf 90' lang='lat' dir='ltr'>desiderio</span> <span class='ocrx_word' id='word_1_111' title='bbox 1109 2136 1174 2208; x_wconf 86' lang='lat' dir='ltr'>tuo,</span> <span class='ocrx_word' id='word_1_112' title='bbox 1185 2150 1246 2211; x_wconf 92' lang='lat' dir='ltr'>quo</span> <span class='ocrx_word' id='word_1_113' title='bbox 1255 2146 1311 2213; x_wconf 88' lang='lat' dir='ltr'>pro</span> <span class='ocrx_word' id='word_1_114' title='bbox 1319 2135 1373 2197; x_wconf 87' lang='lat' dir='ltr'>Dei</span> 
     </span>
     <span class='ocr_line' id='line_1_16' title="bbox 223 2226 1372 2310; baseline 0.003 -21"><span class='ocrx_word' id='word_1_115' title='bbox 223 2227 319 2307; x_wconf 79' lang='lat' dir='ltr'>gloria</span> <span class='ocrx_word' id='word_1_116' title='bbox 327 2227 557 2307; x_wconf 89' lang='lat' dir='ltr'>animarumque</span> <span class='ocrx_word' id='word_1_117' title='bbox 572 2226 701 2290; x_wconf 91' lang='lat' dir='ltr'>utilitate</span> <span class='ocrx_word' id='word_1_118' title='bbox 714 2227 895 2306; x_wconf 85' lang='lat' dir='ltr'>exardescis,</span> <span class='ocrx_word' id='word_1_119' title='bbox 910 2228 1095 2309; x_wconf 86' lang='lat' dir='ltr'>minimeque</span> <span class='ocrx_word' id='word_1_120' title='bbox 1109 2228 1282 2291; x_wconf 88' lang='lat' dir='ltr'>dubitamus</span> <span class='ocrx_word' id='word_1_121' title='bbox 1297 2231 1372 2310; x_wconf 90' lang='lat' dir='ltr'>quin</span> 
     </span>
     <span class='ocr_line' id='line_1_17' title="bbox 224 2323 1372 2407; baseline 0.003 -21"><span class='ocrx_word' id='word_1_122' title='bbox 224 2331 385 2407; x_wconf 90' lang='lat' dir='ltr'>utrumque</span> <span class='ocrx_word' id='word_1_123' title='bbox 399 2325 493 2386; x_wconf 92' lang='lat' dir='ltr'>simus</span> <span class='ocrx_word' id='word_1_124' title='bbox 504 2323 665 2405; x_wconf 84' lang='lat' dir='ltr'>assequuti.</span> <span class='ocrx_word' id='word_1_125' title='bbox 682 2325 811 2405; x_wconf 89' lang='lat' dir='ltr'>Operam</span> <span class='ocrx_word' id='word_1_126' title='bbox 825 2324 916 2404; x_wconf 79' lang='lat' dir='ltr'>igitur</span> <span class='ocrx_word' id='word_1_127' title='bbox 933 2325 1128 2404; x_wconf 90' lang='lat' dir='ltr'>laboremque</span> <span class='ocrx_word' id='word_1_128' title='bbox 1140 2324 1222 2386; x_wconf 91' lang='lat' dir='ltr'>hunc</span> <span class='ocrx_word' id='word_1_129' title='bbox 1232 2332 1372 2390; x_wconf 90' lang='lat' dir='ltr'>nostrum</span> 
     </span>
     <span class='ocr_line' id='line_1_18' title="bbox 224 2421 1373 2504; baseline 0.001 -21"><span class='ocrx_word' id='word_1_130' title='bbox 224 2428 344 2501; x_wconf 80' lang='lat' dir='ltr'>gratum</span> <span class='ocrx_word' id='word_1_131' title='bbox 357 2422 421 2484; x_wconf 85' lang='lat' dir='ltr'>fore</span> <span class='ocrx_word' id='word_1_132' title='bbox 432 2421 581 2499; x_wconf 74' lang='lat' dir='ltr'>Maiestati</span> <span class='ocrx_word' id='word_1_133' title='bbox 597 2426 657 2482; x_wconf 82' lang='lat' dir='ltr'>tuae</span> <span class='ocrx_word' id='word_1_134' title='bbox 664 2467 672 2499; x_wconf 90' lang='lat'><em>,</em></span> <span class='ocrx_word' id='word_1_135' title='bbox 685 2428 716 2483; x_wconf 88' lang='lat' dir='ltr'>et</span> <span class='ocrx_word' id='word_1_136' title='bbox 727 2421 908 2483; x_wconf 89' lang='lat' dir='ltr'>confidimus</span> <span class='ocrx_word' id='word_1_137' title='bbox 920 2426 951 2482; x_wconf 90' lang='lat' dir='ltr'>et</span> <span class='ocrx_word' id='word_1_138' title='bbox 968 2421 1116 2498; x_wconf 83' lang='lat' dir='ltr'>Iaetamur,</span> <span class='ocrx_word' id='word_1_139' title='bbox 1129 2422 1215 2500; x_wconf 84' lang='lat' dir='ltr'>cujus</span> <span class='ocrx_word' id='word_1_140' title='bbox 1227 2440 1373 2504; x_wconf 89' lang='lat' dir='ltr'>perspec-</span> 
     </span>
     <span class='ocr_line' id='line_1_19' title="bbox 223 2516 1368 2597; baseline 0.004 -18"><span class='ocrx_word' id='word_1_141' title='bbox 223 2518 370 2581; x_wconf 88' lang='lat' dir='ltr'>tissimam</span> <span class='ocrx_word' id='word_1_142' title='bbox 389 2517 505 2596; x_wconf 89' lang='lat' dir='ltr'>jamdiu</span> <span class='ocrx_word' id='word_1_143' title='bbox 520 2517 608 2578; x_wconf 91' lang='lat' dir='ltr'>nobis</span> <span class='ocrx_word' id='word_1_144' title='bbox 619 2516 763 2596; x_wconf 84' lang='lat' dir='ltr'>regnandi</span> <span class='ocrx_word' id='word_1_145' title='bbox 779 2517 958 2597; x_wconf 88' lang='lat' dir='ltr'>sapientiam</span> <span class='ocrx_word' id='word_1_146' title='bbox 974 2536 1044 2579; x_wconf 92' lang='lat' dir='ltr'>cum</span> <span class='ocrx_word' id='word_1_147' title='bbox 1055 2517 1182 2579; x_wconf 81' lang='lat' dir='ltr'>mirifice</span> <span class='ocrx_word' id='word_1_148' title='bbox 1193 2518 1368 2597; x_wconf 88' lang='lat' dir='ltr'>hujusmodi</span> 
     </span>
     <span class='ocr_line' id='line_1_20' title="bbox 222 2612 1371 2695; baseline 0.003 -19"><span class='ocrx_word' id='word_1_149' title='bbox 222 2615 262 2677; x_wconf 89' lang='lat' dir='ltr'>dc</span> <span class='ocrx_word' id='word_1_150' title='bbox 277 2615 370 2676; x_wconf 90' lang='lat' dir='ltr'>sacris</span> <span class='ocrx_word' id='word_1_151' title='bbox 383 2613 473 2675; x_wconf 91' lang='lat' dir='ltr'>rebus</span> <span class='ocrx_word' id='word_1_152' title='bbox 482 2612 581 2675; x_wconf 90' lang='lat' dir='ltr'>studio</span> <span class='ocrx_word' id='word_1_153' title='bbox 590 2619 735 2694; x_wconf 82' lang='lat' dir='ltr'>tantaque</span> <span class='ocrx_word' id='word_1_154' title='bbox 749 2614 840 2676; x_wconf 91' lang='lat' dir='ltr'>animi</span> <span class='ocrx_word' id='word_1_155' title='bbox 852 2616 1007 2695; x_wconf 83' lang='lat' dir='ltr'>religione,</span> <span class='ocrx_word' id='word_1_156' title='bbox 1021 2634 1058 2677; x_wconf 92' lang='lat' dir='ltr'>ac</span> <span class='ocrx_word' id='word_1_157' title='bbox 1071 2616 1102 2676; x_wconf 89' lang='lat' dir='ltr'>in</span> <span class='ocrx_word' id='word_1_158' title='bbox 1116 2617 1177 2677; x_wconf 93' lang='lat' dir='ltr'>Nos</span> <span class='ocrx_word' id='word_1_159' title='bbox 1191 2622 1222 2678; x_wconf 91' lang='lat' dir='ltr'>et</span> <span class='ocrx_word' id='word_1_160' title='bbox 1235 2624 1371 2680; x_wconf 90' lang='lat' dir='ltr'>sanctam</span> 
     </span>
     <span class='ocr_line' id='line_1_21' title="bbox 222 2709 1372 2795; baseline 0.003 -21"><span class='ocrx_word' id='word_1_161' title='bbox 222 2714 302 2774; x_wconf 90' lang='lat' dir='ltr'>banc</span> <span class='ocrx_word' id='word_1_162' title='bbox 318 2711 421 2773; x_wconf 87' lang='lat' dir='ltr'>sedem</span> <span class='ocrx_word' id='word_1_163' title='bbox 436 2709 548 2791; x_wconf 83' lang='lat' dir='ltr'>pietate</span> <span class='ocrx_word' id='word_1_164' title='bbox 562 2710 756 2789; x_wconf 89' lang='lat' dir='ltr'>conjunctam</span> <span class='ocrx_word' id='word_1_165' title='bbox 777 2712 924 2790; x_wconf 91' lang='lat' dir='ltr'>majorem</span> <span class='ocrx_word' id='word_1_166' title='bbox 939 2713 969 2774; x_wconf 92' lang='lat' dir='ltr'>in</span> <span class='ocrx_word' id='word_1_167' title='bbox 993 2713 1118 2775; x_wconf 91' lang='lat' dir='ltr'>modum</span> <span class='ocrx_word' id='word_1_168' title='bbox 1139 2713 1320 2795; x_wconf 87' lang='lat' dir='ltr'>suspicimus</span> <span class='ocrx_word' id='word_1_169' title='bbox 1334 2735 1372 2777; x_wconf 87' lang='lat' dir='ltr'>ac</span> 
     </span>
     <span class='ocr_line' id='line_1_22' title="bbox 223 2806 1371 2891; baseline 0.002 -20"><span class='ocrx_word' id='word_1_170' title='bbox 223 2809 483 2871; x_wconf 90' lang='lat' dir='ltr'>commendamus.</span> <span class='ocrx_word' id='word_1_171' title='bbox 501 2806 635 2869; x_wconf 90' lang='lat' dir='ltr'>Plurima</span> <span class='ocrx_word' id='word_1_172' title='bbox 656 2808 769 2871; x_wconf 92' lang='lat' dir='ltr'>ideirco</span> <span class='ocrx_word' id='word_1_173' title='bbox 791 2809 945 2870; x_wconf 87' lang='lat' dir='ltr'>alacritate</span> <span class='ocrx_word' id='word_1_174' title='bbox 966 2816 996 2871; x_wconf 90' lang='lat' dir='ltr'>et</span> <span class='ocrx_word' id='word_1_175' title='bbox 1011 2811 1199 2891; x_wconf 88' lang='lat' dir='ltr'>suscepimus</span> <span class='ocrx_word' id='word_1_176' title='bbox 1215 2820 1246 2872; x_wconf 89' lang='lat' dir='ltr'>et</span> <span class='ocrx_word' id='word_1_177' title='bbox 1263 2829 1371 2891; x_wconf 89' lang='lat' dir='ltr'>prose-</span> 
     </span>
     <span class='ocr_line' id='line_1_23' title="bbox 221 2906 1370 2989; baseline 0.002 -20"><span class='ocrx_word' id='word_1_178' title='bbox 221 2908 307 2989; x_wconf 93' lang='lat' dir='ltr'>quuti</span> <span class='ocrx_word' id='word_1_179' title='bbox 321 2907 385 2968; x_wconf 74' lang='lat' dir='ltr'>haec</span> <span class='ocrx_word' id='word_1_180' title='bbox 397 2906 499 2968; x_wconf 86' lang='lat' dir='ltr'>omnia</span> <span class='ocrx_word' id='word_1_181' title='bbox 516 2924 637 2985; x_wconf 90' lang='lat' dir='ltr'>snmus,</span> <span class='ocrx_word' id='word_1_182' title='bbox 658 2926 726 2987; x_wconf 88' lang='lat' dir='ltr'>quae</span> <span class='ocrx_word' id='word_1_183' title='bbox 746 2925 764 2969; x_wconf 94' lang='lat' dir='ltr'>a</span> <span class='ocrx_word' id='word_1_184' title='bbox 780 2914 810 2969; x_wconf 92' lang='lat' dir='ltr'>te</span> <span class='ocrx_word' id='word_1_185' title='bbox 823 2907 923 2970; x_wconf 90' lang='lat' dir='ltr'>delata</span> <span class='ocrx_word' id='word_1_186' title='bbox 935 2907 1029 2970; x_wconf 90' lang='lat' dir='ltr'>Nobis</span> <span class='ocrx_word' id='word_1_187' title='bbox 1047 2915 1133 2970; x_wconf 85' lang='lat' dir='ltr'>erant</span> <span class='ocrx_word' id='word_1_188' title='bbox 1153 2926 1208 2988; x_wconf 93' lang='lat' dir='ltr'>per</span> <span class='ocrx_word' id='word_1_189' title='bbox 1226 2907 1370 2971; x_wconf 86' lang='lat' dir='ltr'>dilectum</span> 
     </span>
     <span class='ocr_line' id='line_1_24' title="bbox 221 3005 1371 3087; baseline 0.001 -20"><span class='ocrx_word' id='word_1_190' title='bbox 221 3005 317 3067; x_wconf 83' lang='lat' dir='ltr'>lilium</span> <span class='ocrx_word' id='word_1_191' title='bbox 331 3005 464 3068; x_wconf 91' lang='lat' dir='ltr'>nobilem</span> <span class='ocrx_word' id='word_1_192' title='bbox 476 3006 575 3067; x_wconf 89' lang='lat' dir='ltr'>virum</span> <span class='ocrx_word' id='word_1_193' title='bbox 589 3005 733 3068; x_wconf 92' lang='lat' dir='ltr'>comitem</span> <span class='ocrx_word' id='word_1_194' title='bbox 745 3006 783 3069; x_wconf 92' lang='lat' dir='ltr'>de</span> <span class='ocrx_word' id='word_1_195' title='bbox 797 3006 907 3068; x_wconf 87' lang='lat' dir='ltr'>Rivera</span> <span class='ocrx_word' id='word_1_196' title='bbox 921 3013 1007 3068; x_wconf 91' lang='lat' dir='ltr'>tuum</span> <span class='ocrx_word' id='word_1_197' title='bbox 1023 3006 1104 3087; x_wconf 88' lang='lat' dir='ltr'>apud</span> <span class='ocrx_word' id='word_1_198' title='bbox 1118 3007 1179 3068; x_wconf 88' lang='lat' dir='ltr'>Nos</span> <span class='ocrx_word' id='word_1_199' title='bbox 1192 3013 1225 3067; x_wconf 83' lang='lat' dir='ltr'>et</span> <span class='ocrx_word' id='word_1_200' title='bbox 1244 3012 1371 3087; x_wconf 88' lang='lat' dir='ltr'>aposto-</span> 
     </span>
     <span class='ocr_line' id='line_1_25' title="bbox 220 3102 1369 3185; baseline 0.002 -22"><span class='ocrx_word' id='word_1_201' title='bbox 220 3102 310 3164; x_wconf 92' lang='lat' dir='ltr'>licam</span> <span class='ocrx_word' id='word_1_202' title='bbox 323 3103 425 3165; x_wconf 90' lang='lat' dir='ltr'>sedem</span> <span class='ocrx_word' id='word_1_203' title='bbox 440 3102 611 3166; x_wconf 89' lang='lat' dir='ltr'>ministrum</span> <span class='ocrx_word' id='word_1_204' title='bbox 622 3103 918 3185; x_wconf 91' lang='lat' dir='ltr'>plenipotentiarium</span> <span class='ocrx_word' id='word_1_205' title='bbox 928 3104 999 3180; x_wconf 85' lang='lat' dir='ltr'>tide,</span> <span class='ocrx_word' id='word_1_206' title='bbox 1013 3104 1150 3181; x_wconf 90' lang='lat' dir='ltr'>consilio,</span> <span class='ocrx_word' id='word_1_207' title='bbox 1160 3103 1320 3184; x_wconf 90' lang='lat' dir='ltr'>prudentia</span> <span class='ocrx_word' id='word_1_208' title='bbox 1332 3123 1369 3165; x_wconf 87' lang='lat' dir='ltr'>ae</span> 
     </span>
     <span class='ocr_line' id='line_1_26' title="bbox 220 3199 1434 3281; baseline 0.002 -22"><span class='ocrx_word' id='word_1_209' title='bbox 220 3199 582 3280; x_wconf 82' lang='lat' dir='ltr'>‹liligentiapraestantcm,</span> <span class='ocrx_word' id='word_1_210' title='bbox 599 3201 637 3261; x_wconf 92' lang='lat' dir='ltr'>ab</span> <span class='ocrx_word' id='word_1_211' title='bbox 649 3219 745 3280; x_wconf 87' lang='lat' dir='ltr'>eoque</span> <span class='ocrx_word' id='word_1_212' title='bbox 757 3200 921 3263; x_wconf 89' lang='lat' dir='ltr'>deductum</span> <span class='ocrx_word' id='word_1_213' title='bbox 933 3202 971 3263; x_wconf 91' lang='lat' dir='ltr'>ad</span> <span class='ocrx_word' id='word_1_214' title='bbox 981 3203 1042 3263; x_wconf 90' lang='lat' dir='ltr'>Nos</span> <span class='ocrx_word' id='word_1_215' title='bbox 1054 3202 1184 3264; x_wconf 85' lang='lat' dir='ltr'>libenter</span> <span class='ocrx_word' id='word_1_216' title='bbox 1195 3201 1368 3281; x_wconf 83' lang='lat' dir='ltr'>excepimus</span> <span class='ocrx_word' id='word_1_217' title='bbox 1430 3244 1434 3255; x_wconf 88' lang='lat'>.</span> 
     </span>
     <span class='ocr_line' id='line_1_27' title="bbox 220 3294 1368 3380; baseline 0.004 -27"><span class='ocrx_word' id='word_1_218' title='bbox 220 3294 364 3355; x_wconf 90' lang='lat' dir='ltr'>dilectum</span> <span class='ocrx_word' id='word_1_219' title='bbox 379 3294 569 3380; x_wconf 79' lang='lat' dir='ltr'>itemlilium</span> <span class='ocrx_word' id='word_1_220' title='bbox 585 3296 727 3357; x_wconf 88' lang='lat' dir='ltr'>abbatem</span> <span class='ocrx_word' id='word_1_221' title='bbox 745 3296 869 3358; x_wconf 88' lang='lat' dir='ltr'>Sineum</span> <span class='ocrx_word' id='word_1_222' title='bbox 890 3298 1100 3379; x_wconf 78' lang='lat' dir='ltr'>presbytorum</span> <span class='ocrx_word' id='word_1_223' title='bbox 1118 3298 1215 3360; x_wconf 91' lang='lat' dir='ltr'>multa</span> <span class='ocrx_word' id='word_1_224' title='bbox 1230 3297 1368 3359; x_wconf 88' lang='lat' dir='ltr'>doctrina</span> 
     </span>
     <span class='ocr_line' id='line_1_28' title="bbox 220 3391 1367 3475; baseline 0.003 -23"><span class='ocrx_word' id='word_1_225' title='bbox 220 3391 398 3473; x_wconf 86' lang='lat' dir='ltr'>praeditum,</span> <span class='ocrx_word' id='word_1_226' title='bbox 424 3410 461 3452; x_wconf 93' lang='lat' dir='ltr'>ac</span> <span class='ocrx_word' id='word_1_227' title='bbox 482 3391 520 3453; x_wconf 92' lang='lat' dir='ltr'>de</span> <span class='ocrx_word' id='word_1_228' title='bbox 541 3392 750 3455; x_wconf 88' lang='lat' dir='ltr'>ecclesiasticis</span> <span class='ocrx_word' id='word_1_229' title='bbox 769 3393 913 3456; x_wconf 88' lang='lat' dir='ltr'>Sardiniae</span> <span class='ocrx_word' id='word_1_230' title='bbox 933 3396 1060 3475; x_wconf 76' lang='lat' dir='ltr'>negotiis</span> <span class='ocrx_word' id='word_1_231' title='bbox 1083 3394 1367 3470; x_wconf 87' lang='lat' dir='ltr'>instructissimum,</span> 
     </span>
     <span class='ocr_line' id='line_1_29' title="bbox 220 3487 1368 3574; baseline 0.003 -24"><span class='ocrx_word' id='word_1_232' title='bbox 220 3490 306 3569; x_wconf 90' lang='lat' dir='ltr'>cujus</span> <span class='ocrx_word' id='word_1_233' title='bbox 318 3489 379 3549; x_wconf 88' lang='lat' dir='ltr'>Nos</span> <span class='ocrx_word' id='word_1_234' title='bbox 392 3488 576 3567; x_wconf 83' lang='lat' dir='ltr'>testimonio,</span> <span class='ocrx_word' id='word_1_235' title='bbox 592 3487 651 3550; x_wconf 89' lang='lat' dir='ltr'>fide</span> <span class='ocrx_word' id='word_1_236' title='bbox 665 3495 756 3569; x_wconf 91' lang='lat' dir='ltr'>atquc</span> <span class='ocrx_word' id='word_1_237' title='bbox 770 3491 953 3571; x_wconf 83' lang='lat' dir='ltr'>experientia</span> <span class='ocrx_word' id='word_1_238' title='bbox 964 3492 996 3553; x_wconf 92' lang='lat' dir='ltr'>in</span> <span class='ocrx_word' id='word_1_239' title='bbox 1008 3492 1162 3574; x_wconf 91' lang='lat' dir='ltr'>capiendis</span> <span class='ocrx_word' id='word_1_240' title='bbox 1178 3491 1310 3554; x_wconf 78' lang='lat' dir='ltr'>masiliis</span> <span class='ocrx_word' id='word_1_241' title='bbox 1322 3491 1368 3553; x_wconf 91' lang='lat' dir='ltr'>nsi</span> 
     </span>
     <span class='ocr_line' id='line_1_30' title="bbox 219 3586 1368 3667; baseline 0 -18"><span class='ocrx_word' id='word_1_242' title='bbox 219 3605 334 3650; x_wconf 87' lang='lat' dir='ltr'>snmus.</span> <span class='ocrx_word' id='word_1_243' title='bbox 350 3586 436 3662; x_wconf 86' lang='lat' dir='ltr'>Quod</span> <span class='ocrx_word' id='word_1_244' title='bbox 450 3586 599 3667; x_wconf 89' lang='lat' dir='ltr'>reliquum</span> <span class='ocrx_word' id='word_1_245' title='bbox 608 3592 664 3662; x_wconf 87' lang='lat' dir='ltr'>est,</span> <span class='ocrx_word' id='word_1_246' title='bbox 679 3589 774 3648; x_wconf 89' lang='lat' dir='ltr'>Deum</span> <span class='ocrx_word' id='word_1_247' title='bbox 781 3588 933 3666; x_wconf 89' lang='lat' dir='ltr'>Optimum</span> <span class='ocrx_word' id='word_1_248' title='bbox 944 3589 1110 3651; x_wconf 84' lang='lat' dir='ltr'>Maximum</span> <span class='ocrx_word' id='word_1_249' title='bbox 1119 3589 1324 3665; x_wconf 84' lang='lat' dir='ltr'>obsecramus,</span> <span class='ocrx_word' id='word_1_250' title='bbox 1333 3593 1368 3649; x_wconf 90' lang='lat' dir='ltr'>ut</span> 
     </span>
     <span class='ocr_line' id='line_1_31' title="bbox 219 3684 1366 3769; baseline 0.001 -24"><span class='ocrx_word' id='word_1_251' title='bbox 219 3685 273 3747; x_wconf 88' lang='lat' dir='ltr'>bas</span> <span class='ocrx_word' id='word_1_252' title='bbox 283 3684 402 3746; x_wconf 90' lang='lat' dir='ltr'>aNohis</span> <span class='ocrx_word' id='word_1_253' title='bbox 412 3684 450 3746; x_wconf 87' lang='lat' dir='ltr'>ad</span> <span class='ocrx_word' id='word_1_254' title='bbox 463 3684 543 3746; x_wconf 94' lang='lat' dir='ltr'>illius</span> <span class='ocrx_word' id='word_1_255' title='bbox 557 3684 683 3764; x_wconf 80' lang='lat' dir='ltr'>gloriam</span> <span class='ocrx_word' id='word_1_256' title='bbox 693 3693 848 3768; x_wconf 90' lang='lat' dir='ltr'>susceptas</span> <span class='ocrx_word' id='word_1_257' title='bbox 861 3690 992 3751; x_wconf 88' lang='lat' dir='ltr'>rationes</span> <span class='ocrx_word' id='word_1_258' title='bbox 1003 3688 1148 3751; x_wconf 87' lang='lat' dir='ltr'>secundet</span> <span class='ocrx_word' id='word_1_259' title='bbox 1161 3706 1198 3750; x_wconf 88' lang='lat' dir='ltr'>ac</span> <span class='ocrx_word' id='word_1_260' title='bbox 1208 3687 1366 3769; x_wconf 85' lang='lat' dir='ltr'>provebat,</span> 
     </span>
     <span class='ocr_line' id='line_1_32' title="bbox 219 3781 1367 3867; baseline 0.002 -24"><span class='ocrx_word' id='word_1_261' title='bbox 219 3781 449 3861; x_wconf 88' lang='lat' dir='ltr'>animarumque</span> <span class='ocrx_word' id='word_1_262' title='bbox 458 3781 629 3844; x_wconf 87' lang='lat' dir='ltr'>bonorecte</span> <span class='ocrx_word' id='word_1_263' title='bbox 638 3790 832 3865; x_wconf 89' lang='lat' dir='ltr'>prospectum</span> <span class='ocrx_word' id='word_1_264' title='bbox 843 3785 941 3867; x_wconf 86' lang='lat' dir='ltr'>reipsa</span> <span class='ocrx_word' id='word_1_265' title='bbox 951 3787 1041 3849; x_wconf 83' lang='lat' dir='ltr'>luisse</span> <span class='ocrx_word' id='word_1_266' title='bbox 1053 3785 1171 3849; x_wconf 91' lang='lat' dir='ltr'>aNobis</span> <span class='ocrx_word' id='word_1_267' title='bbox 1183 3785 1267 3861; x_wconf 88' lang='lat' dir='ltr'>velit,</span> <span class='ocrx_word' id='word_1_268' title='bbox 1279 3783 1367 3863; x_wconf 88' lang='lat' dir='ltr'>eique</span> 
     </span>
     <span class='ocr_line' id='line_1_33' title="bbox 219 3877 1367 3963; baseline 0.001 -23"><span class='ocrx_word' id='word_1_269' title='bbox 219 3898 280 3941; x_wconf 87' lang='lat' dir='ltr'>una</span> <span class='ocrx_word' id='word_1_270' title='bbox 291 3877 386 3940; x_wconf 85' lang='lat' dir='ltr'>enixis</span> <span class='ocrx_word' id='word_1_271' title='bbox 397 3878 733 3960; x_wconf 87' lang='lat' dir='ltr'>precibnsblajestatem</span> <span class='ocrx_word' id='word_1_272' title='bbox 745 3888 830 3944; x_wconf 88' lang='lat' dir='ltr'>tuam</span> <span class='ocrx_word' id='word_1_273' title='bbox 843 3888 1002 3963; x_wconf 89' lang='lat' dir='ltr'>totamque</span> <span class='ocrx_word' id='word_1_274' title='bbox 1016 3883 1104 3944; x_wconf 93' lang='lat' dir='ltr'>nobis</span> <span class='ocrx_word' id='word_1_275' title='bbox 1120 3881 1307 3944; x_wconf 79' lang='lat' dir='ltr'>carlssimam</span> <span class='ocrx_word' id='word_1_276' title='bbox 1319 3898 1367 3941; x_wconf 91' lang='lat' dir='ltr'>re-</span> 
     </span>
     <span class='ocr_line' id='line_1_34' title="bbox 217 3975 1366 4061; baseline 0.001 -23"><span class='ocrx_word' id='word_1_277' title='bbox 217 3978 298 4055; x_wconf 79' lang='lat' dir='ltr'>giam</span> <span class='ocrx_word' id='word_1_278' title='bbox 312 3975 438 4036; x_wconf 91' lang='lat' dir='ltr'>domum</span> <span class='ocrx_word' id='word_1_279' title='bbox 450 3978 712 4058; x_wconf 89' lang='lat' dir='ltr'>commendamus,</span> <span class='ocrx_word' id='word_1_280' title='bbox 729 3979 927 4060; x_wconf 90' lang='lat' dir='ltr'>omniumque</span> <span class='ocrx_word' id='word_1_281' title='bbox 943 3983 1093 4045; x_wconf 88' lang='lat' dir='ltr'>bonorum</span> <span class='ocrx_word' id='word_1_282' title='bbox 1106 3981 1261 4061; x_wconf 87' lang='lat' dir='ltr'>auspicem</span> <span class='ocrx_word' id='word_1_283' title='bbox 1272 3996 1366 4058; x_wconf 88' lang='lat' dir='ltr'>apos-</span> 
     </span>
     <span class='ocr_line' id='line_1_35' title="bbox 219 4072 1366 4157; baseline 0 -24"><span class='ocrx_word' id='word_1_284' title='bbox 219 4075 340 4136; x_wconf 87' lang='lat' dir='ltr'>tolicam</span> <span class='ocrx_word' id='word_1_285' title='bbox 358 4072 599 4136; x_wconf 89' lang='lat' dir='ltr'>benedictionem</span> <span class='ocrx_word' id='word_1_286' title='bbox 613 4075 719 4137; x_wconf 86' lang='lat' dir='ltr'>intimo</span> <span class='ocrx_word' id='word_1_287' title='bbox 739 4076 857 4157; x_wconf 92' lang='lat' dir='ltr'>paterni</span> <span class='ocrx_word' id='word_1_288' title='bbox 872 4078 984 4139; x_wconf 90' lang='lat' dir='ltr'>amoris</span> <span class='ocrx_word' id='word_1_289' title='bbox 1002 4078 1098 4140; x_wconf 91' lang='lat' dir='ltr'>nostri</span> <span class='ocrx_word' id='word_1_290' title='bbox 1113 4096 1202 4140; x_wconf 91' lang='lat' dir='ltr'>sensu</span> <span class='ocrx_word' id='word_1_291' title='bbox 1218 4075 1366 4138; x_wconf 80' lang='lat' dir='ltr'>amantis-</span> 
     </span>
     <span class='ocr_line' id='line_1_36' title="bbox 218 4172 1369 4259; baseline 0.003 -28"><span class='ocrx_word' id='word_1_292' title='bbox 218 4172 292 4233; x_wconf 82' lang='lat' dir='ltr'>siinc</span> <span class='ocrx_word' id='word_1_293' title='bbox 307 4173 504 4255; x_wconf 87' lang='lat' dir='ltr'>impertimur.</span> <span class='ocrx_word' id='word_1_294' title='bbox 520 4176 634 4236; x_wconf 83' lang='lat' dir='ltr'>Datum</span> <span class='ocrx_word' id='word_1_295' title='bbox 646 4177 759 4247; x_wconf 77' lang='lat' dir='ltr'>Romae,</span> <span class='ocrx_word' id='word_1_296' title='bbox 779 4185 848 4256; x_wconf 80' lang='lat' dir='ltr'>etc,</span> <span class='ocrx_word' id='word_1_297' title='bbox 865 4180 914 4239; x_wconf 82' lang='lat' dir='ltr'>dic</span> <span class='ocrx_word' id='word_1_298' title='bbox 933 4191 970 4241; x_wconf 77' lang='lat'>23</span> <span class='ocrx_word' id='word_1_299' title='bbox 985 4180 1165 4259; x_wconf 66' lang='lat' dir='ltr'>septembres</span> <span class='ocrx_word' id='word_1_300' title='bbox 1183 4185 1271 4253; x_wconf 81' lang='grc'>1769,</span> <span class='ocrx_word' id='word_1_301' title='bbox 1291 4190 1369 4252; x_wconf 75' lang='lat' dir='ltr'>pon·</span> 
     </span>
     <span class='ocr_line' id='line_1_37' title="bbox 218 4274 684 4353; baseline -0.002 -20"><span class='ocrx_word' id='word_1_302' title='bbox 218 4274 350 4349; x_wconf 69' lang='lat' dir='ltr'>restratus</span> <span class='ocrx_word' id='word_1_303' title='bbox 370 4278 466 4337; x_wconf 83' lang='lat' dir='ltr'>nostri</span> <span class='ocrx_word' id='word_1_304' title='bbox 480 4290 561 4336; x_wconf 82' lang='lat' dir='ltr'>anno</span> <span class='ocrx_word' id='word_1_305' title='bbox 574 4279 684 4353; x_wconf 84' lang='lat' dir='ltr'>primo.</span> 
     </span>
    </p>
   </div>
   <div class='ocr_carea' id='block_1_7' title="bbox 700 4407 880 4423">
    <p class='ocr_par' dir='ltr' id='par_1_7' title="bbox 700 4407 880 4423">
     <span class='ocr_line' id='line_1_38' title="bbox 700 4407 880 4423; baseline 0.022 -4"><span class='ocrx_word' id='word_1_306' title='bbox 700 4407 880 4423; x_wconf 60' lang='lat' dir='ltr'><strong>-u———t-</strong></span> 
     </span>
    </p>
   </div>
   <div class='ocr_carea' id='block_1_8' title="bbox 0 0 1602 5354">
    <p class='ocr_par' dir='ltr' id='par_1_8' title="bbox 0 0 1602 5354">
     <span class='ocr_line' id='line_1_39' title="bbox 0 0 1602 5354; baseline 0 4"><span class='ocrx_word' id='word_1_307' title='bbox 0 0 1602 5354; x_wconf 95' lang='lat' dir='ltr'> </span> 
     </span>
    </p>
   </div>
  </div>
 </body>
</html>
