3194 5354
638 480 841 537 cucumis
857 481 923 535 xlv
1036 512 1048 534 s

630 735 634 744 .
695 669 874 740 cmxxv.

424 837 657 879 leltcrtssltffi
678 837 714 878 lli
737 835 870 878 CHRISTO
895 833 986 876 mm
1008 832 1137 876 NOSTRA!

278 943 456 1005 amissa:
475 905 613 1004 naam
634 945 766 1004 asom
787 943 1019 1004 sarnraauu
1039 927 1296 1002 rarnmmssr's

519 1076 753 1156 CLEMENS
780 1078 908 1155 Para
937 1075 1047 1153 XIV.

1012 1237 1110 1295 Romae,
1122 1234 1206 1295 licuit
1225 1239 1294 1284 1774.

250 1358 469 1425 Dilectissimo,
484 1361 545 1415 etc.
564 1355 666 1434 Nuper
675 1353 876 1417 intelleximus
891 1361 921 1417 te
933 1354 1020 1417 valde
1028 1373 1139 1436 cupere
1154 1373 1189 1418 ac
1202 1355 1363 1438 dareope-

209 1474 288 1532 ram,
297 1453 489 1517 dilectisiinru
501 1453 530 1514 in
543 1451 660 1515 Ghn'sto
671 1451 733 1514 iilia
742 1459 861 1530 nostra,
873 1459 906 1514 ut
916 1451 955 1514 ad
964 1452 1049 1514 istiu
1060 1459 1119 1514 tnce
1128 1452 1361 1515 Carmelitarum

211 1553 341 1615 ecelesia
353 1557 564 1615 ornamentum
573 1569 625 1615 sor
635 1569 673 1613 ex
684 1559 809 1631 argento
820 1551 1081 1615 modelabracum
1094 1551 1228 1613 crucifixi
1238 1555 1360 1616 Domini

209 1648 308 1729 effigie
327 1667 419 1730 quarn
436 1648 570 1730 primum
584 1667 751 1729 compares.
771 1648 849 1710 Nihil
871 1649 986 1730 gratius
1005 1657 1095 1731 atque
1111 1649 1243 1731 optatius
1263 1652 1361 1713 Nobis

212 1743 347 1806 accidere
360 1743 475 1826 potuit,
494 1761 587 1824 quam
599 1743 678 1805 bane
691 1744 950 1826 opportunitatem
959 1762 1030 1806 cunr
1038 1745 1143 1826 pietati
1152 1751 1209 1807 tua
1221 1750 1286 1806 tam
1301 1766 1362 1808 so—

211 1841 319 1904 lcatati
328 1840 361 1902 iu
374 1846 526 1903 tenostrc
536 1847 770 1903 consentaneam
782 1847 891 1903 nactos
897 1841 1031 1903 Nosame
1041 1848 1075 1903 ut
1087 1841 1234 1921 ejusmodi
1245 1860 1362 1904 munus

210 1941 252 2002 ed
260 1947 291 2003 te
309 1940 411 2004 statim
422 1941 624 2003 transmittere
640 1943 805 2004 valeamus.
817 1941 893 2003 illud
905 1941 995 2022 igitur
1006 1941 1174 2004 Venerabili
1183 1942 1280 2005 Fratri
1290 1960 1362 2005 uos

211 2047 260 2100 tro
276 2041 447 2102 marcesco
456 2038 614 2102 loacbimo
624 2040 655 2100 S.
667 2040 704 2100 a.
717 2040 752 2100 E.
771 2037 920 2102 Cardinaii
933 2038 972 2101 de
984 2037 1089 2101 Remis
1105 2038 1247 2122 episeopo
1262 2039 1362 2118 Alba-

211 2138 296 2199 uersi
307 2135 502 2214 acuamus,
518 2143 551 2198 ut
562 2135 602 2198 sd
615 2144 647 2198 te
656 2143 760 2199 nostro
773 2135 898 2199 nomine
907 2134 1102 2198 deferendum
1113 2155 1168 2218 pro
1187 2136 1285 2199 suo-iu
1300 2137 1362 2199 Nos

209 2244 299 2319 mque
312 2236 414 2300 studio
426 2235 585 2316 diligenter
597 2242 696 2313 curet3
711 2252 825 2297 nuncu
844 2240 876 2296 te
888 2233 1080 2296 veliementer
1095 2233 1243 2315 pernulis,
1264 2233 1361 2297 dilec-

209 2334 326 2397 tissima
339 2335 370 2396 in
382 2334 499 2396 Christo
509 2332 571 2396 filia
583 2339 698 2412 nostra,
713 2340 814 2410 uteo,
828 2351 891 2415 quo
901 2332 1019 2396 aNobis
1029 2333 1241 2416 proficiscitur,
1257 2336 1361 2399 animo

210 2432 293 2495 idem
305 2433 442 2514 excipere
453 2431 541 2511 velis,
557 2449 681 2493 sunniae
694 2430 837 2493 nimiam
850 2449 922 2511 erga
934 2438 968 2492 te
984 2437 1117 2512 pateruae
1129 2431 1264 2494 caritatis
1277 2433 1361 2494 exis-

209 2529 433 2610 timationisque
444 2529 629 2611 plenissimo.
643 2529 705 2591 Etsi
716 2529 741 2591 is
752 2529 805 2590 tssi
816 2529 1074 2611 perspectisairnus
1089 2529 1284 2612 jampridem
1301 2530 1358 2608 sit,

211 2635 313 2688 tamen
326 2627 406 2688 bane
419 2626 554 2705 ejusdem
570 2627 624 2688 tibi
644 2626 893 2708 significationem
905 2627 1086 2709 perlibenter
1105 2644 1288 2690 renovamus
1300 2628 1360 2692 boc

210 2724 276 2806 ipso
289 2725 456 2806 prasertim
471 2730 606 2805 tempore
619 2743 680 2805 quo
698 2730 816 2786 sertum
833 2726 915 2804 jam,
926 2732 1033 2788 exacto
1045 2725 1151 2806 quinto
1167 2725 1361 2806 auspicamur

211 2821 309 2883 nostri
320 2820 513 2904 pontificatus
525 2839 650 2884 aunum
665 2822 748 2883 liora
759 2821 841 2884 enim
852 2838 889 2883 ex
900 2822 961 2884 hoc
971 2821 1065 2884 Nobis
1074 2828 1132 2883 tum
1144 2821 1270 2903 pietatis
1280 2840 1362 2905 pra-

211 2916 289 2980 sidia
302 2935 530 3002 comparamus,
550 2918 659 3000 quibua
670 2917 861 2980 imlreeiiiitas
872 2924 977 2981 nostra
992 2936 1048 2999 pro
1058 2918 1178 3000 reliquo
1188 2919 1363 3000 apostolica

212 3016 436 3097 sollicitudinis,
452 3017 580 3100 siquem
595 3019 678 3082 lieris
693 3018 841 3081 concedet
856 3035 947 3080 cursu
962 3017 1144 3080 sublevetur.
1170 3019 1363 3102 Quapropter

211 3123 247 3178 ut·
255 3117 501 3200 ardentiorespro
511 3116 604 3180 Nobis
612 3123 684 3179 tuas
690 3115 728 3178 ad
739 3117 837 3178 berun
844 3113 1031 3197 precationes
1044 3113 1217 3195 reddamus,
1230 3117 1364 3179 salutare

211 3212 314 3275 itidem
327 3214 467 3295 plenaria
480 3213 669 3294 indulgentia
682 3231 793 3275 murras
813 3211 911 3274 eidem
930 3210 1063 3274 muuiflxi
1078 3210 1201 3292 imagini
1219 3211 1362 3291 adjungi-

211 3325 280 3369 mus
292 3327 349 3389 pro
363 3309 547 3372 solerrmibus
558 3309 668 3372 Christi
680 3309 809 3387 bombi,
821 3309 858 3371 B.
874 3311 916 3370 bl.
932 3308 1073 3389 Virginis,
1086 3309 1266 3372 Sanctorum
1279 3309 1359 3371 Petri

211 3409 245 3464 et
251 3405 346 3483 Pauli,
355 3406 450 3467 sancti
459 3405 601 3468 Ludoriei
610 3406 775 3468 Galliarum
783 3405 898 3486 regiset
909 3411 1019 3468 saneta
1030 3403 1361 3467 mamsmameresia

211 3500 425 3565 lestinitatlaus'
433 3519 527 3583 quam
543 3502 761 3584 indulgentiam
768 3503 824 3565 tibi
836 3510 867 3565 et
880 3502 996 3564 dleotis
1012 3501 1048 3563 in·
1055 3501 1174 3564 Christo
1185 3500 1304 3563 filiabus
1313 3503 1359 3563 tui

211 3600 384 3663 monasterii
400 3601 581 3664 monialibus
596 3608 629 3663 et
645 3600 783 3665 fidelibus
795 3600 937 3663 omnibus
953 3600 1097 3663 confessis
1107 3607 1138 3663 et
1151 3606 1253 3663 mnata
1268 3618 1361 3664 oom-

211 3697 354 3759 munione
365 3698 499 3776 relectis,
516 3717 680 3780 coramque
693 3718 731 3761 ea
742 3698 872 3780 imagine
882 3699 938 3761 rite
948 3699 1104 3762 orantibus
1114 3699 1276 3780 apostolica
1288 3720 1363 3766 auc-

169 3878 171 3883 ·
212 3794 334 3857 toritate
350 3798 559 3874 consedimus,
572 3817 607 3860 ac
624 3797 823 3878 indulgemus.
836 3797 961 3860 Minime
972 3797 1151 3861 bionum
1163 3795 1362 3881 arbitramur,

212 3890 405 3954 &recessim
420 3894 456 3954 in
467 3895 584 3956 cincto
606 3895 668 3956 iilia
685 3900 807 3971 nostra,
829 3901 865 3955 ut
882 3893 1008 3975 moriad
1022 3894 1077 3956 tibi
1090 3909 1234 3957 conemur
1252 3895 1364 3962 allerre

212 3988 424 4052 consolationis
442 4009 553 4071 genus,
570 4011 631 4072 qno
651 3991 767 4054 luctum
788 3991 828 4054 ad
849 3991 984 4053 dolorem
1003 3998 1090 4053 tuum
1112 4009 1152 4054 ex
1163 3993 1363 4056 amantissimi

213 4093 243 4148 et
259 4087 465 4168 gloriosissimi
478 4089 612 4150 Parentis
624 4087 710 4150 obitu
722 4095 898 4171 perceptum
914 4086 1138 4168 aliquantulum
1144 4087 1302 4150 leniamus.
1319 4087 1364 4150 Te

213 4183 293 4245 enim
310 4185 341 4247 in
355 4187 483 4248 Domino
499 4185 647 4247 consolari
665 4187 788 4267 ejusque
804 4185 997 4249 sanctisa'mae
1012 4187 1162 4249 robrntati
1173 4205 1230 4269 pro
1242 4194 1295 4249 tua
1311 4204 1366 4249 re-

214 4274 321 4354 ligione
338 4282 520 4345 conformari
535 4289 625 4363 atque
640 4283 829 4363 acquiescere
843 4300 903 4346 nou
916 4281 1109 4357 dubitamus,
1125 4291 1157 4346 et
1169 4301 1230 4347 non
1243 4288 1310 4346 tarn
1326 4284 1365 4346 de

211 4373 329 4451 jactura
341 4377 398 4441 bac
411 4389 463 4443 tua
473 4429 480 4459 ‚
490 4400 582 4463 quam
596 4381 634 4444 de
649 4382 727 4444 illius
741 4383 847 4444 animae
858 4383 954 4444 salute
961 4382 1110 4462 cogitare,
1122 4401 1251 4464 eamque
1260 4383 1364 4446 divino

214 4469 324 4546 ludici,
340 4482 370 4535 ut
386 4480 531 4557 propitius
543 4500 578 4541 ac
592 4481 762 4543 misericors
774 4480 829 4561 ipsi
842 4480 895 4557 sit,
908 4479 1034 4542 assiduis
1046 4479 1187 4559 precibus
1201 4499 1363 4544 commen-
