3194 5354
365 438 1015 498 nrrsronnnrsnnvusnuncuonr.
1228 446 1281 507 με,

117 569 244 639 queque
257 549 296 614 ed
309 546 523 630 antiquissimo
535 543 701 608 nobilitatis
712 543 903 625 splendorem
917 543 1063 644 accedam
1076 545 1202 624 meritc,
1217 546 1267 609 ia-

117 654 176 716 cile
188 656 277 732 potes
287 647 334 710 vel
346 664 383 708 ex
395 662 432 707 eo
447 657 641 724 cognoscere,
654 639 739 722 quod
748 639 863 720 regiam
876 639 965 703 istem
976 638 1103 703 domum
1113 642 1266 722 majarum

118 766 245 817 suorum
263 748 408 826 mantus
429 738 569 821 exempla
587 754 708 818 semper
726 754 847 799 summo
868 735 970 799 studio
987 735 1082 800 coluit
1101 755 1137 801 ac
1158 738 1266 809 obser-

118 848 209 915 ravit.
221 848 299 909 Eum
314 840 405 922 igitur
415 837 484 901 Tibi
500 836 691 901 uehementer
704 832 972 908 commendamus,
986 839 1022 899 ut
1038 833 1192 897 commissi
1209 835 1268 899 sibi

118 942 275 1008 ministerii
293 957 408 1005 munus
418 934 542 1001 obeunti
556 951 647 1016 opem
664 931 882 1014 consiliumque
897 931 1268 1015 exbibeae,quoqxpedl-

118 1043 196 1109 tiore
205 1040 262 1123 ipsi
280 1037 342 1103 sint
354 1040 459 1101 nosue
471 1051 509 1097 ac
519 1030 681 1112 rd'gionis,
695 1049 762 1111 que
775 1036 860 1110 geret
876 1031 1008 1111 negotio,
1022 1036 1054 1095 et
1066 1030 1224 1097 carissimo
1235 1032 1267 1095 iu

118 1139 235 1201 Christo
256 1136 320 1201 lilio
339 1140 444 1199 umtro
457 1129 531 1210 negt
545 1127 719 1193 fidelissimo
732 1127 787 1190 liat
806 1128 837 1190 in
856 1127 921 1191 dies
937 1127 1037 1191 carior
1048 1133 1081 1190 et
1102 1127 1265 1208 acceptior.

39 1221 46 1232 ⁸
117 1235 222 1297 Eidem
242 1234 273 1296 in
290 1230 442 1295 mandatis
455 1226 610 1305 dedimus,
631 1233 665 1289 ut
678 1227 722 1288 Te
742 1225 830 1288 istbic
853 1226 956 1288 statim
971 1223 1151 1288 conveniens
1171 1225 1214 1287 itu
1226 1224 1264 1287 de

118 1331 382 1395 nostravoluntate
390 1326 551 1389 certiorem
561 1322 664 1401 iaciat,
675 1328 709 1387 ut
719 1340 781 1385 non
791 1323 890 1385 solnm
900 1328 1023 1385 tuarum
1033 1323 1180 1384 virtutum
1192 1321 1268 1383 exis·

119 1430 275 1492 limatione
290 1425 494 1499 cumbelum,
514 1420 566 1483 sed
582 1427 614 1482 et
627 1438 699 1500 erga
712 1424 742 1481 te
758 1419 960 1499 gratissimam
978 1419 1125 1495 declaret,
1138 1417 1266 1499 Tibique

119 1526 308 1610 persuadeat,
319 1525 380 1586 Nos
393 1522 585 1583 vehementer
592 1534 713 1597 sperare
724 1517 774 1578 cui
784 1517 950 1597 plurimum
959 1518 1024 1595 jam
1034 1516 1190 1594 debemus,
1203 1516 1267 1578 lore

120 1631 154 1687 nt
165 1626 261 1687 inulto
274 1623 367 1687 etiem
380 1619 477 1703 magis
490 1618 688 1700 imposterum
700 1615 831 1679 debituri
845 1615 952 1679 simus.
966 1618 1033 1679 ‘lua
1043 1615 1145 1697 itaque
1160 1615 1190 1677 in
1204 1616 1266 1677 Nos

119 1723 230 1804 pietate
243 1735 425 1802 magnopere
436 1715 502 1781 lrcti
514 1712 700 1796 pontificiam
717 1711 785 1777 ‘libi
798 1711 961 1779 deferimus
974 1712 1156 1793 singularem
1170 1711 1267 1773 bene-

119 1819 297 1894 volentiam,
316 1818 347 1879 in
367 1815 454 1894 cujus
465 1811 575 1893 pignus
593 1808 789 1890 apostolicam
805 1807 1047 1872 benedictionem
1068 1807 1141 1885 tibi,
1159 1807 1267 1869 dilecte

120 1917 161 1978 fili
170 1916 280 1981 nobilis
291 1914 348 1992 vir,
358 1916 549 1991 peramanter
563 1905 762 1986 impertimur.
777 1907 889 1968 Dotem
903 1908 1014 1980 Rome,
1025 1914 1095 1984 etc,
1106 1907 1157 1969 die
1170 1909 1267 1985 tajo-

118 2021 224 2081 nuorii
240 2024 328 2090 1770,
340 2012 534 2092 ponteficalis
545 2009 641 2068 nostri
655 2023 735 2067 oceo
744 2010 857 2083 primo.

651 2230 733 2300 Llll.

529 2385 721 2431 vnnxmlbl
744 2385 856 2430 ruunt

577 2491 809 2564 THEODOSIO,

245 2605 428 2657 GRAEOORUld
444 2605 677 2689 nnnmrrsnptl
691 2605 901 2660 remmom
918 2604 1143 2666 annocentia,
1205 2668 1207 2672 Ι

426 2708 664 2789 CLEMENS
689 2711 821 2791 PAPA
849 2709 958 2789 XIV.

865 2881 959 2939 nona,
970 2883 1001 2928 ro
1013 2877 1117 2939 mauri
1133 2881 1202 2930 1770.

163 2983 369 3052 Venerabilis,
393 2990 452 3044 etc.
475 2982 656 3044 Gratissima
680 2983 774 3045 Nobis
797 2981 971 3045 acciderunt
997 2982 1155 3044 luculento
1178 2982 1292 3079 vestri·

122 3076 224 3155 gaudii
238 3076 470 3155 significationes
481 3077 523 3138 ob
536 3077 723 3157 pontificiam
732 3077 910 3156 dignitatem
928 3077 1072 3139 divinitus
1087 3076 1126 3140 nd
1139 3079 1201 3139 Nos
1212 3077 1274 3141 de-

120 3173 214 3235 latam
225 3172 370 3254 percepti.
383 3172 470 3247 Orod
480 3190 551 3234 vero
566 3172 668 3236 debito
680 3180 713 3235 et
724 3172 924 3237 observantie
934 3179 1039 3236 vestre
1052 3181 1083 3237 et
1093 3173 1270 3238 obedientie

22 3263 25 3268 ’
118 3269 211 3331 Nobis
222 3269 495 3350 tamquamtlbristi
504 3269 818 3351 vicerio‚etsnpremo
827 3270 1268 3351 Ecclesiocrpiti,aconmium

119 3365 267 3428 Fidelium
280 3369 397 3431 Pastori
409 3366 531 3434 desertis
543 3366 645 3431 officia
651 3412 662 3446 ,
673 3385 712 3430 eo
723 3367 789 3448 ipso
800 3367 991 3448 apertissima
1000 3367 1154 3449 religionis
1164 3373 1270 3430 restro

119 3482 153 3525 ac
163 3464 284 3545 pietatis
294 3465 442 3526 exhibetis
452 3464 645 3543 documenta,
660 3483 726 3547 qun
735 3471 897 3547 paternnm
911 3466 1047 3528 animum
1059 3472 1198 3529 nostrum
1211 3466 1270 3527 mi-

119 3561 202 3625 rifica
216 3563 407 3643 jucunditate
423 3562 569 3641 alliciunt,
588 3581 624 3625 ae
640 3571 776 3626 nostram
790 3563 821 3624 in
833 3566 876 3625 Te
890 3563 1041 3647 istumque
1057 3562 1266 3625 commissum.

119 3657 185 3719 Tibi
194 3678 315 3740 gregem
325 3661 472 3739 majorem
482 3659 513 3720 in
526 3659 652 3722 modum
664 3668 774 3742 erigent
785 3661 1002 3742 cumulantque
1012 3657 1265 3722 benevolentiam.

118 3755 213 3818 llenm
237 3757 328 3838 igitur
349 3760 418 3838 Opt.
445 3759 524 3818 Max.
551 3757 633 3837 quod
657 3758 687 3821 in
712 3758 798 3821 vobis
815 3765 877 3836 est,
902 3777 959 3839 pro
982 3756 1145 3819 munienda
1168 3755 1269 3817 imbe-

122 3855 240 3920 cillitate
259 3863 364 3920 nostra
376 3874 502 3918 exorare
513 3873 574 3918 non
587 3856 786 3934 intermittite,
798 3854 1070 3937 unaqueerbibetc
1081 3871 1150 3915 eam
1170 3853 1268 3934 ipsam
1305 3901 1308 3906 .

120 3953 298 4017 hactenuse
318 3953 404 4016 uobis
421 3953 604 4020 declaratam
621 3955 653 4017 in
672 3955 843 4033 laboribus,
863 3970 940 4035 quos
952 3973 1011 4036 pro
1032 3952 1161 4017 minino
1175 3940 1287 4014 snstiss'

120 4051 216 4129 netis,
232 4051 449 4129 constantiam,
465 4070 563 4134 neque
580 4059 685 4135 putate
698 4052 791 4116 Nobis
808 4071 844 4116 cx
864 4052 965 4115 animo
979 4050 1116 4114 excidere
1133 4065 1267 4129 unquam

118 4166 207 4228 posse
218 4150 398 4213 memoriam
410 4151 499 4213 vestri
511 4151 559 4212 vel
572 4150 602 4213 in
616 4150 653 4214 iis
662 4150 932 4228 obsecrationibus,
948 4169 1024 4231 ques
1036 4167 1092 4230 pro
1103 4144 1266 4208 concrediti

116 4244 212 4308 Nobis
226 4245 355 4308 universi
371 4247 469 4326 gregis
486 4245 692 4309 incolumitate
704 4246 977 4310 misericordiamm
989 4244 1068 4306 Patri
1081 4240 1265 4322 deferimus,

119 4340 207 4403 velin
219 4342 283 4406 eliis
295 4343 525 4425 quibuscunque
538 4361 641 4406 rernm
652 4344 940 4427 opportunitatibus,
948 4341 1058 4422 quibus
1069 4344 1173 4401 nostra
1183 4340 1268 4402 vobis

119 4456 230 4518 opera,
247 4441 424 4504 auctoritate
437 4442 633 4523 presidioque
646 4442 787 4523 prodesse
806 4442 969 4503 valeamus.
991 4439 1052 4499 Nos
1069 4436 1205 4518 proiecto
1229 4437 1267 4498 ab
