3194 5354
472 487 654 543 EPlSTOLAE
672 486 719 541 ΕΤ
736 487 874 542 suevia
890 489 1126 544 subscribat.
1335 495 1371 547 69

226 590 372 656 declarari
389 592 481 655 Nobis
494 591 752 673 possit,.daudum
766 611 832 656 esse
846 612 865 655 a
882 600 928 669 te,
946 592 1067 674 aliquod
1081 592 1205 673 egregia
1219 599 1277 656 tua
1298 614 1371 675 gru-

226 701 323 772 tapue
335 691 364 752 iu
376 709 447 753 eum
458 689 621 753 voluntatis
634 689 842 752 testimonium
858 690 1024 768 existimes,
1037 689 1120 770 quod
1136 690 1271 771 proiecto
1286 693 1371 766 lucu·

225 794 321 851 lenter
332 789 435 866 iacies,
445 790 469 851 si
481 787 609 850 cundem
625 789 655 849 in
670 788 761 866 hujus
775 787 855 867 apud
866 789 929 850 Nos
941 786 1099 868 legationis
1112 805 1239 850 munere
1256 787 1370 851 contir-

224 889 368 964 maveris,
391 889 421 949 in
434 907 494 968 qua
507 894 616 968 prater
631 894 754 950 cutem
766 887 836 951 lidei
857 887 1024 967 prudentia
1043 905 1080 949 ac
1093 885 1270 966 integritatis
1283 886 1370 950 dotes

223 984 404 1047 diuturnum·
418 985 510 1046 babet
526 1002 627 1046 rerum
648 985 873 1048 tractandarum
893 1005 999 1063 usum,
1009 993 1040 1047 et
1052 991 1195 1066 praterea
1211 983 1236 1045 si
1253 983 1368 1064 ipsum,

224 1100 302 1143 nova
312 1081 413 1161 aliqua
423 1079 603 1142 commenda
613 1078 643 1140 in
656 1078 841 1143 Prioratibus
854 1079 997 1157 Francia,
1012 1078 1192 1161 Campania,
1208 1077 1370 1157 Provincia

226 1186 256 1240 et
266 1180 412 1241 alvernia
429 1197 486 1259 pro
499 1177 638 1258 proximo
655 1178 860 1258 quirrqueunio
881 1179 951 1241 anni
974 1190 1045 1242 1771
1070 1178 1204 1256 auxeris,
1221 1197 1293 1240 cum
1312 1179 1370 1241 bac

226 1276 404 1338 liberalitate
419 1294 492 1337 usus
509 1281 598 1336 antea
618 1276 659 1337 sis
676 1275 707 1337 in
727 1293 779 1337 eos
795 1278 974 1357 presertim,
997 1279 1049 1359 qui
1068 1285 1166 1341 vestra
1190 1276 1271 1359 apud
1290 1277 1370 1341 hanc

225 1373 422 1454 apostolicam
433 1372 541 1434 Sedern
552 1373 700 1453 legatione
711 1372 807 1435 functi
822 1381 904 1451 sunt,
916 1393 1047 1455 cumque
1058 1375 1152 1455 ipsius
1164 1374 1272 1436 merita
1279 1375 1370 1453 longa

220 1471 285 1548 iarn
305 1470 519 1552 splendidaque
539 1471 584 1532 sui
604 1471 737 1533 muneris
750 1470 957 1551 perfunctione
974 1472 1151 1535 confirmata
1171 1471 1274 1534 idate
1288 1480 1369 1534 tam-
1459 1496 1462 1503 ⁴

225 1588 317 1650 quam
329 1570 484 1652 premium
493 1570 723 1650 jure‘postulare
731 1569 901 1634 videantur.
912 1573 955 1633 Ex
966 1570 1025 1633 hoc
1039 1571 1132 1658 etiam
1145 1571 1251 1649 babes,
1262 1570 1370 1637 dilecte

225 1668 353 1746 lili,non
367 1669 517 1732 mediocre
534 1668 751 1731 documentum
766 1688 848 1750 ,quo
861 1669 962 1731 studio
981 1669 1024 1730 de'
1042 1669 1078 1731 iis
1096 1668 1239 1731 omnibns
1258 1668 1368 1747 simus,

223 1785 290 1846 que
301 1767 339 1828 ad
356 1774 489 1830 vestrum
503 1766 646 1829 Ordinem
662 1765 823 1846 pertinent,
837 1786 873 1829 ac
894 1765 924 1827 in
942 1766 1122 1830 luculentius
1138 1766 1241 1829 itidem
1259 1773 1371 1829 nostra

223 1881 294 1943 erga
305 1872 335 1927 te
349 1866 482 1928 caritatis
495 1866 604 1947 pignus
619 1865 815 1945 apostolicam
834 1864 1074 1927 benedictionem
1092 1865 1165 1943 tibi,
1184 1865 1293 1928 dilecte
1314 1867 1367 1941 iili,

200 1957 335 2042 ‘tuoque
347 1963 449 2024 inclito
471 1963 597 2025 universi
616 1961 720 2024 ordine
738 1968 931 2043 peramanter
943 1961 1142 2042 impertimur.
1161 1965 1284 2037 Datum,
1298 1970 1367 2040 eta,

222 2059 273 2118 die
287 2067 304 2117 9
319 2064 424 2120 martit
437 2071 523 2137 177⁰,
537 2063 727 2139 pontificatus
737 2063 835 2120 nostri
846 2077 924 2120 anno
934 2064 1045 2139 primo.

741 2318 853 2388 Lxlv.

454 2473 674 2518 niuacrrssruo
698 2475 732 2517 m
754 2462 888 2519 c'nrrrsro
912 2477 997 2522 sruro
1019 2479 1139 2522 uosrro

564 2588 832 2651 MAXIMILIANO
853 2591 1020 2653 JOSEPHO

362 2719 449 2767 bt'cl
474 2720 663 2783 vaxntffi,
686 2725 710 2771 S.
735 2724 764 2770 ll.
790 2724 810 2771 I.
835 2723 1003 2775 ea11vc11>1
1028 2726 1228 2787 uuucvonl,

531 2833 764 2913 CLEMENS
792 2837 920 2913 PAPA
948 2835 1055 2911 XIV.

983 3011 1081 3068 Roma,
1100 3014 1126 3058 ιο
1142 2990 1221 3057 martii
1238 3013 1304 3058 1770.

262 3118 479 3190 Dilectissimo,
491 3127 551 3184 stc.
565 3121 681 3183 Allatus
696 3122 735 3183 ad
747 3123 808 3183 Nos
819 3120 876 3181 luit
888 3138 941 3200 per
954 3119 1098 3181 dilectum
1112 3121 1208 3182 lilium
1218 3122 1367 3196 loannem

222 3215 416 3276 Franciscum
437 3217 549 3279 Catena
564 3225 686 3280 tuorum
700 3218 751 3281 hic
772 3217 961 3298 negotiorum
983 3224 1132 3296 gestorem
1153 3218 1279 3298 supplex
1300 3219 1369 3280 blo-

224 3311 311 3373 nialis
321 3312 488 3375 Peumanin
499 3314 627 3393 libellus,
639 3334 700 3397 quo
710 3315 796 3378 valde
810 3315 848 3376 de
857 3333 912 3376 suo
921 3316 1033 3376 recenti
1047 3319 1128 3377 statu
1138 3315 1266 3378 sollicita
1279 3318 1367 3393 (cum

224 3410 354 3490 positam
376 3428 410 3472 se
428 3418 514 3474 extra
536 3412 582 3474 sui
602 3413 774 3476 monasterii
797 3413 969 3475 'clausuram
991 3412 1120 3490 videret,
1142 3431 1199 3476 nec
1223 3414 1368 3494 religiosis

225 3508 303 3571 illius
325 3508 593 3590 institutilegibus
612 3511 735 3573 subesse
761 3527 866 3591 posse,
890 3508 939 3570 cui
960 3527 991 3570 se
1012 3509 1199 3572 irrevocabili
1220 3518 1291 3573 voto
1308 3513 1368 3573 ob-

229 3608 405 3686 strinxerat)
417 3627 436 3670 a
449 3609 543 3670 Nobis
557 3610 644 3671 enixe
655 3608 758 3692 petiit,
771 3616 805 3671 ut
818 3608 992 3670 facultatem
1005 3608 1062 3670 sibi
1077 3609 1203 3689 benigne
1217 3612 1367 3675 concede-

223 3722 323 3767 remus
336 3705 366 3766 in
384 3723 422 3767 eo
442 3707 639 3788 imposterum
651 3708 744 3769 vitam
760 3705 889 3768 ducendi
909 3706 1109 3781 monasterio,
1129 3705 1160 3767 in
1175 3706 1257 3786 quod
1271 3726 1367 3789 nuper

223 3801 350 3864 deducta
370 3809 401 3864 et
413 3804 561 3866 collocata
572 3806 635 3883 jam
649 3804 716 3867 luit.
731 3806 793 3867 Nos
811 3804 867 3866 etsi
886 3808 1151 3882 cognosceremus,
1164 3810 1262 3883 quam
1277 3812 1367 3885 grave

223 3898 394 3978 hujusmodi
407 3902 592 3981 postulatum
600 3903 649 3979 sit,
659 3910 691 3964 et
699 3919 891 3984 nequaqnam
903 3901 1022 3962 inanem
1032 3919 1068 3962 ac
1079 3901 1287 3982 negligendam
1301 3908 1367 3965 esse

223 3993 302 4056 banc
316 3995 410 4077 ipsius
420 3997 607 4059 conscientie
622 3998 814 4074 anxietatem,
828 4016 894 4077 qua
906 4005 1009 4059 nostra
1022 4016 1126 4060 revera
1137 4018 1196 4080 ope
1208 3999 1365 4078 indigeret,

224 4099 325 4156 umen
345 4095 614 4159 animadvertentes
628 4105 658 4158 te
674 4097 773 4177 ipsum
788 4095 953 4177 presertim
971 4094 1001 4157 id
1016 4115 1138 4176 cupere,
1154 4103 1188 4158 ut
1202 4096 1366 4177 apostolica

223 4190 336 4253 seilicet
352 4194 531 4256 auctoritate
551 4204 706 4257 sanaretur
730 4194 781 4256 illa
806 4213 842 4255 ex
865 4212 925 4255 uno
946 4193 977 4255 in
1000 4195 1127 4256 alterurn
1147 4197 1365 4261 monasterium

225 4288 358 4365 eiusdem
376 4292 515 4354 monialis
534 4293 708 4370 translatio,
722 4299 809 4354 tanto
831 4291 926 4371 magis
948 4291 1075 4372 permoti
1100 4308 1204 4351 sumus
1225 4292 1363 4372 adeam,

222 4402 288 4464 que
299 4389 516 4468 postulabatur,
530 4392 648 4454 aNobis
657 4391 841 4470 largiendam
856 4390 995 4469 gratiam,
1007 4406 1072 4468 qua
1082 4387 1208 4468 proinde
1218 4393 1364 4454 utstatim

226 4482 425 4568 expediretur,
441 4488 597 4568 diligenter
615 4489 834 4551 mandavimus.
851 4489 882 4548 ld
900 4489 960 4549 Nos
972 4485 1093 4565 quidem
1108 4495 1159 4549 tua
1174 4489 1364 4568 potissimum
