3194 5354
371 500 552 556 EPlSTOLAE
569 499 614 553 ET
632 499 767 554 enssvln
785 501 1018 556 SELFL'HORA.
1217 509 1267 557 119

123 608 283 669 luntatem.
294 604 380 679 Quod
392 621 462 666 vero
478 604 516 666 dc
536 611 640 666 nostra
658 623 731 685 erga
743 623 797 667 vos
813 606 1020 667 benevolentia
1034 607 1197 685 confiditis,
1211 627 1269 669 vo-

124 706 232 786 bisque
244 703 425 784 polllcemioi
435 749 444 779 ,
454 702 485 765 id
500 704 642 784 preclare
660 721 731 767 mm
747 711 850 766 nostra
866 723 937 785 erga
950 723 1004 767 vos
1022 708 1175 787 pontilicis
1188 709 1268 771 cari-

124 814 188 869 tate
199 804 477 878 consentiebam
488 802 578 883 igitur
597 821 670 882 erga
683 819 738 865 vos
750 803 858 880 simne,
878 818 914 864 ex
931 808 1029 865 vestre
1043 805 1074 866 in
1087 807 1148 867 Nos
1167 807 1268 868 obser·

123 903 236 979 santia,
246 921 284 965 ac
292 901 453 965 devotione
464 900 642 962 existimate.
654 901 729 962 Gom
739 901 820 962 mim
830 907 894 963 tam
901 901 1003 964 lideles
1013 903 1269 986 obsequentesquc

125 1002 203 1065 tilios
214 1020 267 1064 vos
277 1019 343 1064 eac
352 999 572 1081 profiteamini,
586 1005 722 1060 nosram
739 1000 873 1079 parentis
886 1001 1035 1082 experturi
1057 1017 1175 1082 semper
1188 1002 1269 1064 eritis

126 1097 797 1179 benevolentiam,serrperquevcbispresidia
807 1099 956 1179 apodllos
965 1104 1147 1182 prastoesse
1153 1101 1267 1178 omnia,

123 1216 223 1279 neque
235 1198 314 1260 ullos
326 1197 461 1260 wilatis
474 1204 582 1258 nostre
599 1195 715 1257 fructrn
726 1195 755 1256 in
777 1195 836 1258 hoe
848 1196 940 1258 etiam
954 1195 1112 1276 collegium
1123 1202 1267 1272 reanum,

125 1303 156 1358 ct
176 1297 360 1377 quicumque
372 1302 459 1372 sunt,
478 1294 530 1376 qui
549 1293 588 1355 ad
602 1299 733 1355 vestram
753 1294 910 1357 Notionem
934 1293 1101 1374 pertinent,
1126 1295 1269 1376 vobisque

126 1394 361 1473 conjunguntur,
382 1410 437 1473 pro
459 1390 684 1474 opportunitate
702 1389 856 1452 defuturos
875 1390 1018 1452 sentietis.
1031 1394 1074 1453 lie
1088 1408 1148 1472 qua
1166 1399 1268 1454 nostra

124 1492 278 1553 voluntate
290 1491 411 1553 uberius
425 1490 567 1554 certiores
576 1506 630 1550 vos
641 1486 732 1550 faciet
742 1487 869 1550 dilectus
879 1488 957 1550 lilius
971 1489 1120 1550 Caesareus
1129 1487 1167 1549 de
1180 1491 1269 1551 Neus-

125 1587 206 1649 tadia
218 1588 422 1650 bllssionarius
439 1586 661 1668 Cappuccinus,
676 1584 727 1665 qui
742 1584 885 1646 mandata
898 1584 936 1646 ad
955 1587 1015 1648 Nos
1027 1592 1125 1647 vestre
1142 1585 1270 1666 diligen-

127 1686 240 1748 tissime
258 1686 416 1748 nobiscum
429 1702 572 1767 peregere
586 1684 702 1763 sategit.
718 1686 845 1745 Demurn
866 1684 1036 1764 apostolice
1050 1692 1108 1746 tue
1122 1685 1270 1747 sollicitu-

123 1783 186 1844 dini
201 1801 236 1845 ac
248 1801 326 1844 cura
338 1783 534 1844 commissum
548 1781 601 1842 tibi
611 1797 732 1860 gregem
748 1780 969 1842 accuratissime
982 1780 1227 1842 commendantes
1239 1780 1269 1841 in

122 1880 282 1959 pontificia
292 1880 425 1942 caritatis
439 1879 548 1960 pignus
556 1876 752 1958 apostolicam
761 1875 999 1939 benedictionem
1009 1877 1074 1954 tibi,
1085 1877 1270 1940 Venerabilis

124 1980 238 2055 Frater,
254 1979 456 2058 universeque
474 1976 521 2038 isti
542 1975 654 2037 nationi
678 1981 869 2054 peramanter
888 1974 1087 2054 impertimur.
1101 1978 1213 2037 Datum
1236 1979 1270 2033 in

124 2078 200 2136 Arce
212 2076 389 2154 Gandulpln'
400 2077 581 2136 Albanerm's
593 2074 725 2134 diaecesis
735 2071 788 2133 aab
800 2074 914 2134 annulo
922 2074 1101 2144 Piscatores,
1113 2075 1163 2134 dic
1176 2084 1210 2134 to
1220 2092 1268 2132 cc·

124 2173 218 2236 labris
233 2183 320 2249 tito,
327 2175 526 2250 pontificatus
537 2172 633 2232 codri
650 2184 729 2229 anno
743 2170 879 2229 secando.

647 2399 741 2470 evit.

576 2555 705 2598 nullent)
727 2557 813 2600 rulo

431 2658 653 2722 OEASTENET
673 2660 725 2721 DE
745 2660 960 2733 rursusne,

172 2770 353 2822 rmostro
367 2771 523 2824 omnnem
540 2774 814 2825 concamanonrs
831 2773 996 2825 meme
1012 2775 1222 2834 cunrsrrsnre,

431 2879 665 2959 CLEMENS
693 2884 818 2959 PAPA
849 2882 956 2958 XIV.

657 3066 664 3091 ,
717 3030 813 3078 castelli
824 3030 969 3090 Gandulpbi,
983 3035 1010 3077 ltl
1021 3028 1127 3076 octobris
1138 3031 1206 3076 1770.

168 3131 297 3199 Dilecta,
309 3135 367 3191 etc.
376 3132 414 3196 lit
428 3137 458 3190 te
475 3137 505 3190 et
517 3131 605 3197 istam
619 3138 675 3194 tua
689 3152 769 3196 curn
781 3134 892 3195 iterum
906 3133 1100 3195 commissam
1111 3148 1272 3214 congrega·

128 3228 242 3289 tionem
253 3233 379 3307 paterno
391 3227 480 3307 plene
491 3228 721 3308 complectimur
733 3229 854 3305 mimo,
868 3230 966 3311 deque
986 3237 1121 3292 vestrum
1135 3230 1272 3292 omnium

127 3344 199 3404 erga
217 3326 295 3401 Nos,
311 3343 347 3385 ac
361 3324 559 3406 apostolicam
572 3325 653 3386 banc
663 3325 772 3388 wem
784 3327 992 3405 observantia,
1006 3326 1137 3408 pietate,
1153 3326 1272 3408 fideque

130 3421 262 3502 persuasi
277 3428 392 3485 vestrm
404 3442 454 3484 res
462 3440 567 3485 omnes
577 3423 889 3489 commendatissimas
897 3424 991 3488 Nobis
1003 3441 1068 3486 esse
1081 3423 1269 3504 profitemur.

125 3521 303 3600 Huiusmodi
322 3522 415 3584 nostri
428 3538 498 3602 erga
512 3540 566 3584 vos
578 3522 670 3584 animi
685 3522 770 3584 testis
780 3539 848 3584 esse
857 3522 1108 3603 locupletissimus
1119 3529 1218 3601 polest
1228 3522 1272 3582 di·

129 3618 223 3681 lectus
232 3618 311 3681 lilim
325 3619 503 3682 Valentinus
510 3624 616 3681 umba
627 3620 867 3700 congregationis
874 3619 1026 3694 sacerdos,
1040 3635 1131 3699 quem
1141 3635 1199 3679 suo
1211 3635 1272 3680 me-

126 3714 184 3778 rito
191 3715 315 3796 plurimi
323 3715 462 3792 mmmm,
471 3722 503 3777 et
513 3717 601 3794 cujus
609 3717 735 3797 proinde
745 3717 853 3779 crebra
865 3716 1080 3779 consuetudine
1093 3714 1273 3796 perlibenter

128 3813 250 3875 utimur.
266 3816 375 3894 ldagna
389 3815 485 3896 ipsius
502 3831 569 3876 csse
584 3833 655 3895 erga
675 3822 705 3877 te
727 3822 873 3896 tuamque
892 3814 1158 3896 congregationem
1174 3813 1272 3876 studia

127 3909 260 3990 pristinis
279 3911 397 3990 iamdiu
420 3930 498 3993 sepe
519 3912 698 3978 confirmata
723 3912 831 3975 officiis
853 3913 997 3993 preclare
1016 3912 1167 3974 novimus.
1190 3911 1292 3972 ldem‘

125 4007 217 4086 igitur
229 4007 334 4069 vestris
346 4008 445 4085 rebla,
458 4008 496 4071 de
507 4010 616 4090 quibus
627 4017 753 4073 acturus
761 4017 819 4087 est,
828 4009 1029 4073 valdeiavore
1039 4011 1112 4085 Nos,
1123 4007 1272 4087 vescique

128 4121 164 4164 ac
177 4103 223 4164 sui
237 4103 331 4166 etiam
347 4107 475 4172 multam
494 4106 605 4171 babere
625 4107 773 4172 rationem
792 4125 915 4188 operam
928 4107 1084 4183 dabimus,
1104 4112 1138 4166 nt
1155 4121 1273 4186 semper

130 4198 283 4280 intelligat.
298 4202 423 4265 llinime
446 4222 518 4266 vero
536 4223 669 4285 uunquam
691 4206 855 4286 patiemur,
870 4214 905 4269 ut
923 4205 1101 4269 venerabilis
1124 4204 1201 4265 servi
1219 4206 1271 4267 liei

129 4297 251 4360 casaris
263 4299 301 4361 de
317 4303 377 4362 Bne
397 4302 578 4368 institutoris
596 4304 686 4364 vestri
704 4323 741 4365 ex
760 4304 915 4367 Gerreralis
931 4303 1057 4383 Capituli
1079 4301 1201 4364 decreto
1221 4318 1272 4364 re·

127 4400 321 4473 sumpturus,
341 4404 371 4457 et
393 4406 591 4461 renovaturus
604 4419 743 4477 cansam,
764 4401 926 4481 peculiaria
945 4398 1081 4479 presidia
1094 4404 1213 4475 nostra,
1236 4418 1271 4460 ac

125 4494 314 4574 quantumin
324 4496 870 4581 Nobisest,nonimpareseis,quosin
878 4519 921 4561 sa.
931 4516 1023 4562 mem.
1036 4499 1271 4562 Benedictolllll
