3194 5354
472 470 653 527 ltetSTOLAE
670 472 715 525 ET
734 471 869 526 BllEVlA
887 471 1118 526 SELECTlORA.
1319 479 1363 529 ill

222 578 429 672 observaprtia,
443 583 550 656 eterga
557 578 670 656 Regem
681 576 839 656 singularis
850 576 984 656 obsequii
995 594 1030 636 ac
1040 575 1108 636 fidei
1115 577 1284 639 testimonia
1294 581 1372 640 exti-

224 684 335 740 terunt.
350 675 571 738 Perbonoriiice
594 673 697 735 itidem
707 679 752 734 est
766 673 885 735 aNobis
900 673 1118 752 nuncupandus
1141 673 1266 736 dilectus
1280 676 1371 736 Filius

223 774 331 838 nobilis
340 774 385 835 vir
395 771 627 834 Commendator
636 770 675 832 de
685 769 816 832 Almada
831 769 967 847 ejusdem
980 768 1071 849 Regis
1081 769 1227 850 apudNos
1237 772 1372 833 Minister

224 870 522 955 Plenipotentiarins,
536 886 628 951 quem
640 868 707 950 pios
718 885 756 930 ac
767 866 926 948 preclaros
942 864 1026 945 Regii
1039 865 1131 927 animi
1147 882 1252 928 sensus
1262 867 1300 928 ad
1311 869 1372 928 Nos

224 992 302 1056 supe
315 972 498 1036 deserentem
509 971 693 1053 perlibenter
704 969 883 1050 excipimus,
896 983 1047 1048 quemque
1057 966 1097 1027 ob
1109 983 1196 1026 suam
1207 965 1237 1026 in
1251 985 1288 1026 eo
1299 985 1371 1047 per-

222 1070 373 1151 iungendo
396 1086 520 1131 munere
542 1086 669 1149 operam
690 1086 726 1129 ac
747 1066 933 1146 diligentiam
950 1064 1073 1145 plurimi
1091 1064 1229 1125 iacimus.
1244 1067 1370 1125 Demum

222 1184 327 1228 omnes
337 1165 434 1247 Regiae
447 1165 575 1228 civitatis
586 1164 723 1242 ordines,
739 1183 775 1225 ac
784 1163 884 1224 omnis
896 1161 1137 1243 Ulyssiponens'm
1149 1162 1298 1242 populus,
1311 1181 1371 1241 qua

222 1280 293 1343 erga
304 1264 377 1341 Nos,
391 1269 421 1324 et
432 1263 511 1324 banc
522 1261 608 1325 Beati
619 1260 699 1323 Petri
718 1259 900 1322 Gatbedram
918 1258 1024 1320 intima
1034 1257 1126 1319 animi
1142 1257 1301 1319 devotione
1313 1256 1372 1319 lla-

223 1347 333 1440 gruel,
345 1359 453 1422 eximie
462 1360 574 1440 gaudio
588 1358 652 1437 illo,
664 1377 701 1421 ac
709 1356 955 1440 poenctriumpbo
965 1356 1144 1444 declaravit,
1156 1373 1217 1436 quo
1229 1357 1324 1417 elatus
1335 1375 1371 1417 ac

222 1454 425 1518 inflammatus
437 1453 512 1535 fuit,
522 1473 593 1518 urm
603 1455 694 1536 llegis
705 1455 856 1536 exemplo,
870 1454 993 1534 ejusque
1003 1452 1225 1532 sapientissimo
1236 1453 1317 1513 lacto
1335 1471 1371 1513 ac

223 1552 262 1613 ab
267 1552 530 1635 omniposteriute
541 1552 807 1616 commemorando
817 1552 855 1614 ad
868 1570 955 1614 suam
963 1568 1034 1631 erga
1046 1552 1250 1632 apostoticam
1261 1552 1369 1615 Sedem

223 1649 326 1730 polam
338 1648 575 1731 exproanendum
588 1652 733 1732 pietatem
741 1651 931 1714 excitaretur.

262 1744 333 1820 oue
350 1744 472 1828 quidem
498 1747 600 1809 omnia
619 1749 798 1827 vobiscum,
813 1747 1005 1810 venerabiles
1022 1748 1157 1825 Fratres,
1171 1767 1228 1829 pro
1252 1767 1288 1810 ea
1303 1767 1369 1829 que

222 1840 300 1904 inter
312 1842 373 1904 Nos
384 1849 428 1904 est
439 1842 666 1922 conjunctione,
685 1843 937 1907 communicanda
954 1861 1035 1906 nunc
1048 1844 1190 1907 duximus
1204 1891 1212 1922 ,
1228 1852 1263 1906 ut
1276 1844 1369 1906 diru-

222 1937 332 2000 siorem
353 1958 389 2001 ac
401 1940 632 2020 splendidiorem
647 1942 873 2021 quodammodo
890 1942 1023 2006 laetitiam
1037 1943 1116 2006 banc
1126 1952 1258 2007 nostram
1273 1946 1369 2007 lacia-

221 2054 301 2099 mus.
315 2038 562 2101 Prostantissimo
573 2036 632 2100 hoc
644 2040 818 2103 Fidelissimi
833 2041 920 2121 Regis
933 2059 1023 2122 opere
1034 2042 1201 2104 existimate
1210 2043 1369 2122 jucundis-

221 2136 333 2197 simum
358 2136 442 2198 vobis
462 2154 528 2200 esse
548 2157 658 2200 munus
673 2139 864 2220 impositum,
877 2145 912 2200 ut
932 2146 1050 2219 gratam
1066 2145 1213 2215 vestram,
1230 2146 1320 2219 atque
1338 2139 1367 2199 in

222 2233 308 2294 illum
319 2234 568 2298 studiosissimam
591 2237 776 2299 volunlatem
791 2235 917 2316 publicis
931 2236 1023 2298 etiam
1039 2235 1145 2296 letitiae
1156 2235 1247 2314 signis
1266 2234 1369 2314 praete

222 2330 312 2408 ratis,
328 2338 362 2392 ut
376 2332 458 2394 omni
469 2332 593 2396 laudum
604 2351 713 2415 genere
731 2333 815 2395 illum
825 2349 882 2414 pro
894 2341 957 2395 tam
971 2332 1135 2412 insignibus
1146 2331 1259 2392 meritis
1269 2348 1369 2412 prose-

222 2428 365 2507 quamini.
385 2428 443 2491 Sed
456 2430 539 2492 illam
552 2448 646 2493 unam
655 2429 913 2514 preclarissimam
927 2439 1017 2510 atque
1034 2428 1287 2510 expeditissimam
1303 2446 1369 2508 gra-

222 2524 268 2585 tiae
279 2522 440 2589 referende
457 2528 537 2590 viam
554 2546 620 2592 esse
630 2533 753 2610 putate,
777 2528 800 2590 si
818 2528 870 2591 Dei
884 2527 1098 2607 benignitatem
1110 2545 1166 2607 pro
1177 2526 1268 2607 ipsius
1282 2524 1366 2586 inco-

221 2619 377 2701 lumitate,
406 2623 562 2705 Regieque
585 2626 697 2688 Domus
719 2624 835 2706 gloria,
862 2623 1014 2704 Regnique
1042 2622 1183 2684 felicitate
1212 2622 1370 2704 deprecari

219 2732 374 2797 nunquam
386 2718 543 2782 desistatis.

261 2815 322 2876 Nos
340 2816 474 2896 prolecto
484 2817 515 2879 in
528 2819 559 2880 id
576 2820 706 2881 maxime
720 2838 838 2900 semper
852 2820 1077 2895 incumbemus,
1090 2827 1124 2880 ut
1144 2820 1174 2879 in
1189 2819 1252 2880 dies
1270 2821 1366 2897 inagis

221 2911 332 2989 possit,
353 2921 467 2991 quanta
486 2915 517 2975 in
538 2915 637 2995 ipsum
658 2917 697 2976 sit
721 2917 872 2993 caritatis,
896 2917 1001 2992 studii,
1027 2922 1117 2996 atque
1142 2918 1252 2978 amoris
1273 2918 1367 2977 nostri

222 3005 416 3083 magnitudo,
432 3026 623 3087 cognoscere.
650 3010 768 3072 Interea
791 3013 853 3072 Deo
874 3011 994 3090 Optimo
1019 3011 1150 3071 Maximo
1178 3026 1234 3090 pro
1257 3008 1368 3072 eollalo

222 3097 313 3158 Nobis
330 3117 448 3179 sueque
467 3102 605 3163 Ecclesia
626 3108 689 3163 tam
707 3102 863 3163 excellenti
884 3102 1047 3178 beneficio,
1067 3107 1195 3181 quantas
1221 3103 1369 3164 maximas

222 3210 405 3271 possumus,
421 3196 587 3275 gratiarum
599 3197 704 3258 laudes
715 3197 835 3278 publice
845 3198 1060 3278 persolvemus.
1075 3197 1149 3258 llluc
1164 3215 1236 3259 vero
1249 3215 1369 3260 summa

220 3292 337 3371 paterni
349 3294 439 3354 animi
447 3296 637 3357 contentione
647 3293 842 3357 effusissimae
852 3301 970 3356 nostras
981 3293 1018 3355 ad
1031 3294 1126 3356 Deum
1137 3310 1241 3376 preces
1251 3295 1369 3357 assidue

220 3385 400 3466 dirigemus,
415 3389 486 3453 illuc
502 3390 593 3453 etiam
612 3392 717 3473 Populi
734 3393 826 3470 hujus
841 3390 1060 3453 Fidelissimum
1072 3387 1207 3470 Regem,
1224 3410 1259 3453 ac
1279 3412 1369 3454 omne

224 3487 399 3550 Lusitanum
420 3507 530 3552 nomen
551 3491 677 3553 summis
691 3490 830 3553 laudibus
841 3490 1031 3565 extollentis,
1052 3488 1255 3569 universeque
1275 3491 1369 3551 blmae
1404 3514 1406 3519 ¹

223 3584 311 3646 Urbis
329 3588 443 3649 Nostrae
462 3589 539 3650 miro
558 3589 668 3669 gaudio
682 3590 765 3651 alate
787 3595 858 3650 vota
873 3594 1100 3664 convertemus,
1115 3595 1151 3648 ut
1170 3595 1285 3667 quanto
1303 3603 1369 3648 anr-

223 3686 318 3767 pliora
339 3698 409 3751 sunt
431 3690 537 3772 optimi
556 3691 644 3770 Regis
656 3690 694 3752 de
712 3689 855 3769 religione
874 3686 997 3761 merita,
1019 3693 1104 3747 tanto
1130 3686 1279 3747 auctiores
1299 3704 1369 3746 suas

220 3782 327 3864 suique
341 3787 437 3868 Regni
452 3789 587 3850 fortunas
603 3795 692 3869 atquo
709 3787 811 3867 copias
821 3832 829 3862 ,
840 3793 871 3847 et
883 3801 960 3846 vera
974 3801 1009 3844 ac
1026 3783 1235 3862 solidngloriu
1255 3783 1370 3845 tructus

221 3879 326 3942 divine
340 3884 441 3962 gratie
455 3903 580 3948 munere
589 3883 800 3967 lucupletiorcs
812 3900 877 3945 esse
889 3883 1042 3962 intelligat.

703 4070 885 4082 ——u—
