3194 5354
222 483 257 534 cl
653 475 853 530 CLEMENTlS
871 476 936 528 XIV

257 579 359 637 Eodem
367 579 422 635 iere
432 579 553 651 exemplo
561 580 671 635 mutatis
683 577 821 634 mutandis
832 578 948 634 Electori
958 577 1247 634 Trevirensicardinali
1255 577 1291 635 de
1304 583 1376 637 llut-

221 679 277 737 ten,
297 668 431 741 Episcopo
445 668 640 741 bambergensi
660 677 686 722 et
700 668 901 740 Herbipolensi,
916 667 1033 723 Electori
1053 665 1221 735 Coloniensi,
1236 668 1376 743 Episcopo

220 759 437 825 monasteriensi,
452 758 585 830 Episcopo
600 767 627 815 et
640 757 732 814 abbati
745 757 886 814 Fuldensi.

738 981 848 1049 Lvlll.

631 1133 823 1178 VBNEMBIU
847 1133 958 1176 ruam

568 1238 724 1334 auauo
750 1238 1015 1314 ramerum,

416 1358 589 1410 -urlscoeo
610 1360 831 1410 emmenum
851 1362 892 1410 ΕΤ
914 1359 1151 1421 munuum,

525 1462 759 1542 CLEMENS
791 1466 918 1542 PAPA
952 1464 1059 1542 XIV.

960 1615 1054 1672 Rome,
1070 1618 1098 1662 ιο
1112 1611 1306 1662 semanimo.

261 1720 461 1790 Venerabilis,
474 1725 532 1781 etc.
553 1720 683 1783 Dilectus
703 1721 782 1782 filius
796 1717 919 1780 Carolus
933 1717 1111 1779 Emmanuel
1123 1713 1161 1778 de
1172 1715 1375 1796 Liilgendorii

216 1836 271 1900 per
285 1837 355 1880 suas
366 1817 405 1879 ad
418 1818 479 1879 Nos
492 1816 578 1879 datas
590 1818 705 1880 litteras
716 1816 855 1899 exposuit
871 1813 965 1876 Nobis
975 1815 1042 1893 jam
1056 1812 1218 1895 septimum
1232 1830 1267 1874 ac
1282 1812 1371 1874 deci-

216 1935 303 1980 mum
334 1933 400 1978 esse
425 1931 556 1992 annum,
580 1932 617 1977 ex
644 1932 705 1995 quo
728 1911 829 1974 divino
854 1909 967 1971 lumine
993 1908 1185 1971 collustratus
1216 1907 1254 1970 ab
1278 1907 1372 1970 heto-

216 2012 340 2075 rodoxis
360 2011 399 2074 ed
410 2010 576 2073 catholicos
589 2009 752 2087 transierit,
765 2013 997 2088 constanterque
1018 2007 1049 2068 in
1065 2025 1132 2069 ver.
1150 2012 1270 2089 recepta
1286 2006 1367 2082 ude,

215 2112 299 2173 nulla
321 2109 589 2187 detrimentorum,
603 2127 670 2189 quae
688 2106 795 2169 exinde
816 2105 948 2168 insuam
966 2122 1030 2166 rem
1044 2104 1224 2168 familiarem
1243 2122 1370 2168 einana-

216 2214 304 2286 runt,
318 2207 422 2270 habita
435 2206 570 2283 ratione,
590 2224 650 2268 nou
665 2205 763 2268 solum
777 2204 842 2285 ipse
858 2201 1036 2284 perstiterit,
1058 2201 1112 2264 sed
1128 2201 1158 2263 in
1173 2201 1281 2263 eadem
1294 2201 1368 2263 dili-

214 2306 388 2386 gentissime
409 2305 574 2387 plurimos,
591 2324 668 2386 quos
689 2304 836 2384 suscepit,
854 2301 967 2364 liberos
989 2299 1151 2362 instituerit
1166 2304 1196 2360 et
1217 2297 1366 2362 educarit.

216 2403 364 2465 Maximae
375 2422 467 2484 porro
481 2402 598 2464 fructus
617 2422 648 2464 se
660 2420 807 2483 suamque
822 2399 969 2462 familiam
981 2415 1100 2480 semper
1112 2397 1281 2480 percepisse
1296 2399 1364 2459 seri-

215 2497 262 2558 bit
272 2515 310 2558 ex
321 2515 445 2559 suorum
458 2497 631 2576 Principum
641 2497 836 2576 benignitate,
852 2515 887 2558 ac
898 2495 1064 2577 praesertim
1071 2492 1282 2557 Fraternitatis
1294 2501 1367 2572 tuae,

215 2610 285 2672 quae
298 2609 393 2652 unum
406 2610 443 2653 ex
464 2591 529 2670 ejus
544 2591 611 2652 liliis
626 2591 657 2653 in
671 2591 796 2672 inopum
807 2591 960 2653 Nobilium
978 2592 1137 2672 collegium
1151 2590 1315 2675 receperit,
1334 2610 1369 2653 ac

215 2706 273 2769 pro
289 2694 343 2749 tua
356 2686 553 2749 beneficentia
566 2686 649 2749 breui
668 2686 732 2750 iore
748 2694 860 2769 sperat,
878 2697 911 2752 ut
931 2689 1058 2770 recipiat
1075 2697 1105 2751 et
1122 2690 1261 2754 alterum.
1281 2690 1369 2754 Nui-

216 2786 246 2847 lo
256 2793 359 2848 tamen
369 2784 469 2847 murus
481 2802 499 2846 a
511 2783 603 2847 Nobis
613 2784 805 2848 vehementer
813 2785 899 2868 petit,
913 2793 947 2847 ut
956 2785 1097 2849 eumdem
1105 2785 1172 2865 tibi,
1185 2804 1368 2869 omnemque

215 2900 286 2944 eam
299 2880 446 2943 familiam
463 2888 588 2962 paterna
605 2881 730 2943 caritate
750 2880 1008 2959 commendemus,
1021 2887 1164 2962 tuamque
1179 2881 1210 2942 in
1224 2900 1296 2944 eum
1310 2900 1367 2945 ro-

215 2980 373 3059 luutatem,
388 2980 444 3042 etsi
459 2979 544 3041 valde
564 2997 746 3061 propensam
765 2997 801 3040 ao
814 2972 994 3059 benignam,
1015 2978 1242 3061 propensiorem
1264 2985 1367 3042 tamen

214 3076 481 3159 benignioremque
493 3076 651 3140 iaciamus.
661 3075 763 3153 Vides,
776 3075 961 3138 Venerabilis
969 3078 1086 3154 Frater,
1100 3078 1162 3139 Nos
1170 3077 1295 3139 minimo
1307 3097 1368 3159 po-

214 3174 307 3234 tuisse
318 3174 382 3234 haec
396 3173 493 3235 eidem
505 3172 605 3234 officia
619 3172 777 3252 denegare,
792 3171 958 3252 praesertim
968 3172 1048 3254 apud
1062 3181 1107 3251 te,
1120 3174 1171 3254 qui
1186 3191 1255 3235 oum
1267 3173 1367 3259 ippum

218 3267 333 3346 optime
350 3269 479 3346 noveris,
499 3254 621 3330 tudmm
631 3269 847 3332 beneficiorum
861 3276 1014 3350 expertem
1027 3288 1091 3333 esse
1108 3288 1170 3333 non
1191 3270 1273 3334 sinis.
1286 3270 1368 3332 Gra-

217 3361 366 3423 tissimum
380 3365 479 3442 itaque
493 3364 586 3427 Nobis
598 3364 717 3444 feceris,
730 3367 834 3445 addas,
854 3386 890 3428 cx
907 3387 968 3447 quo
983 3368 1145 3448 intelligere
1160 3366 1257 3450 possit
1272 3374 1302 3429 et
1315 3386 1368 3430 se-

217 3460 322 3524 dulam
341 3461 443 3542 fuisse,
460 3482 496 3525 ac
512 3482 549 3525 ex
568 3471 694 3545 paterna
712 3467 865 3529 voluntate
885 3466 1052 3547 proiectam
1073 3464 1367 3528 commendationem

215 3561 368 3638 Nostram,
383 3566 414 3621 et
425 3558 564 3621 eamdem
576 3561 657 3641 apud
670 3568 701 3622 te
717 3562 880 3641 plurimum
892 3561 1035 3644 ponderis
1047 3561 1200 3640 babuisse,
1216 3561 1367 3644 precipue

216 3676 288 3720 uero
300 3657 383 3719 iliam
394 3677 459 3720 esse
471 3664 530 3720 tuae
541 3658 571 3720 in
580 3677 650 3720 eum
661 3660 864 3723 beneficentia
875 3678 998 3722 causam
1009 3661 1156 3742 percipiat
1165 3707 1174 3740 ,
1184 3661 1367 3743 quodquam

216 3762 308 3816 autea
328 3755 445 3818 Christo
457 3757 586 3818 Domino
608 3756 700 3818 fidem
718 3757 844 3836 dederit,
866 3758 1004 3820 eamdem
1025 3766 1107 3820 caste
1123 3758 1233 3841 pieque
1247 3777 1367 3821 servare

217 3851 349 3928 studeat,
365 3871 400 3914 ac
413 3854 444 3914 iu
455 3853 601 3915 familiam
613 3872 699 3917 suern
709 3854 879 3936 liberosque
891 3855 1086 3917 transmittat.
1100 3857 1171 3918 Haee
1180 3863 1261 3934 sunt,
1273 3857 1368 3919 Vene-

213 3949 316 4013 rabilis
328 3951 443 4028 Frater,
458 3951 609 4031 quadum
621 3971 639 4013 a
651 3952 857 4032 tepescimus,
872 3952 1012 4032 cupimus
1025 3960 1058 4013 ut
1071 3951 1177 4014 exinde
1186 3952 1278 4014 etiam
1292 3971 1370 4035 cog-

212 4068 341 4127 noscas,
354 4067 415 4129 qua
426 4055 486 4111 tuae
500 4048 530 4110 iu
543 4050 604 4111 Nos
614 4049 735 4130 pietatis
751 4068 787 4111 ac
798 4049 995 4112 observantiae
1009 4049 1120 4111 fiducia
1135 4048 1239 4125 simus,
1254 4066 1371 4128 quam-

213 4165 273 4225 que
287 4145 426 4210 eamdem
440 4164 511 4207 cum
525 4145 667 4225 singulari
679 4145 898 4224 conjungamus
911 4144 1067 4225 pontificia
1081 4145 1216 4221 caritate,
1235 4143 1266 4205 iu
1280 4144 1372 4223 cujus

215 4243 323 4324 pignus
333 4243 532 4327 apostolicam
541 4240 782 4304 benedictionem
795 4241 861 4319 tibi,
875 4242 1061 4304 Venerabilis
1075 4244 1180 4304 Frater
1191 4288 1199 4320 ,
1209 4258 1371 4324 peraman-

214 4346 261 4400 ter
275 4340 474 4420 impertimur.
492 4343 605 4403 Dalom
620 4341 733 4411 Romoe,
748 4346 817 4416 etc,
834 4340 882 4401 dle
901 4354 935 4402 10
941 4339 1095 4418 februarii
1111 4353 1198 4418 177⁰,
1210 4344 1370 4421 portoien-

215 4443 265 4499 lus
282 4443 377 4497 coslai
391 4458 469 4498 anuo
488 4443 597 4516 primo.

701 4530 878 4543 *-
