3194 5354
487 465 666 519 liPlSTOLAE
685 464 731 517 ΕΤ
750 463 883 519 anfivia
900 463 1136 521 setecmona.
1350 475 1385 525 27

238 587 302 630 rem
318 568 371 629 tibi
383 573 517 630 nostram
528 574 685 648 paternam
698 567 854 628 caritatem
865 567 1040 645 deserimus,
1056 576 1089 631 ut
1100 571 1237 632 eamdem
1249 574 1385 634 cumula-

136 683 140 691 ·
241 666 302 725 tius
317 665 408 725 ctiam
423 663 526 725 testari
538 709 547 741 ‚
559 682 595 725 ac
608 663 707 744 reipsa
723 664 921 745 comprobare
936 683 993 745 pro
1011 669 1239 747 opportunitate
1252 671 1383 732 maxime

238 762 335 842 parati
359 761 463 822 simus.
486 761 609 823 Interim
629 761 659 823 in
679 762 816 840 ejusdem
836 763 1038 826 certissimum
1058 765 1166 847 pignus
1187 768 1383 847 apostolicam

238 862 477 925 benedictionem
497 861 552 925 tibi
564 907 573 939 ,
587 861 694 925 dilecte
711 863 753 924 lili
767 862 876 924 nobilis
894 862 950 940 vir,
972 870 1164 943 peramanter
1178 864 1382 946 impertimur.

237 961 350 1021 Datum
372 959 484 1032 nome,
497 966 568 1030 eta,
583 959 633 1020 die
650 960 868 1038 semptembris
885 969 973 1032 tros,
984 964 1177 1040 pontificatus
1190 967 1287 1023 nostri
1300 982 1384 1025 anno

233 1063 345 1135 primo.

714 1172 897 1185 ῃ

744 1277 866 1346 XXXl.

479 1447 650 1493 CARISSIUAE
672 1450 708 1492 tn
731 1450 864 1494 cumam
888 1452 983 1493 mlx
1006 1451 1133 1494 NOSTRA!

183 1517 186 1522 ⁵
277 1560 416 1622 uuam
436 1563 640 1631 rnnausrn
660 1564 874 1625 nuusnnrn
893 1565 1052 1624 nuaram
1071 1565 1339 1639 arosromcrn,

496 1662 622 1744 necnon
639 1695 791 1744 nonaum
808 1695 933 1747 nasum
950 1695 1111 1753 rnnusrar,

409 1811 442 1860 IN
459 1810 661 1860 ROMANORUM
678 1811 915 1862 lMPERATRlCEM
932 1811 1060 1860 ELEGTAE
1076 1811 1197 1872 VIDUAE‚

541 1933 775 2013 CLEMENS
802 1938 931 2012 ΡΑΡΑ
959 1934 1067 2011 XIV.

925 2105 1017 2162 lmine,
1028 2109 1063 2151 πο
1075 2101 1216 2163 septembris
1230 2104 1298 2151 1769.

272 2207 457 2276 Carissimo,
471 2215 523 2269 etc.
545 2207 711 2269 Maximum
733 2209 826 2271 Nobis
841 2209 968 2270 attulere
984 2207 1131 2288 gaudium
1153 2206 1376 2269 humanissima

232 2302 336 2365 littera
349 2304 513 2380 Maiestatis
528 2311 585 2366 tua
599 2304 649 2365 die
662 2306 726 2367 vll.
747 2306 860 2368 mensis
880 2312 998 2387 augusti
1012 2304 1149 2388 proxime
1162 2305 1258 2387 elapsi
1278 2305 1374 2385 data,

229 2400 339 2480 quibus
354 2401 460 2463 scribis
471 2402 664 2465 dilectissimo
678 2403 709 2465 in
720 2403 839 2466 Christo
853 2404 915 2466 silio
929 2409 1033 2467 nostro
1047 2403 1200 2466 Ludovico
1209 2405 1375 2467 Galliarum

228 2500 372 2579 belpbino
383 2500 608 2564 dilectissimam
620 2502 693 2564 item
702 2501 798 2562 liliam
808 2507 944 2564 nostram
951 2502 1078 2564 Mariam
1089 2499 1252 2563 Antoniam
1262 2501 1375 2580 regiam

228 2597 396 2677 principem
417 2598 608 2660 archiducem
629 2599 771 2677 Austriae,
789 2605 935 2680 luantque
947 2597 1114 2660 seeundum
1133 2615 1256 2674 carnem
1281 2596 1374 2659 filiam

226 2695 488 2776 essedesponsam.
498 2696 577 2757 Nihil
591 2694 649 2756 hoo
664 2713 742 2757 novo
755 2702 846 2775 atque
860 2695 1049 2777 optatissimo
1056 2697 1200 2775 Augustae
1210 2693 1374 2756 Austriacae

227 2793 338 2854 Domus
350 2811 421 2854 eum
429 2793 511 2873 regia
520 2793 808 2871 Borboniavinculo,
821 2794 877 2855 nisi
888 2794 990 2856 letum
1000 2793 1160 2875 utriquoac
1171 2792 1369 2863 fortunatum,

227 2890 437 2969 catholicoque
449 2891 527 2967 orbi,
540 2891 692 2970 Nobisque
701 2892 794 2952 etiam
807 2910 843 2952 ae
854 2899 965 2952 sancta
976 2890 1047 2951 huic
1061 2888 1123 2950 aedi
1136 2889 1268 2948 faustum
1282 2892 1372 2966 atquo

227 2984 300 3045 utile
319 2986 483 3046 extiturum
504 3005 698 3065 auguramur.
722 2990 821 3061 Quare
842 2988 989 3064 maiorem
1012 2987 1042 3046 in
1066 2985 1192 3045 modurn
1213 2984 1373 3046 laudamus

226 3081 384 3142 consilium
399 3082 457 3144 hoc
477 3088 582 3158 tuum,
600 3101 661 3161 quo
681 3082 741 3142 tuis
762 3082 893 3142 maxime
905 3081 1064 3142 virtutibus
1078 3085 1190 3141 ornata
1211 3098 1246 3140 ac
1264 3079 1374 3143 dotata

225 3180 319 3241 soboli
332 3188 397 3242 tam
410 3186 596 3261 opportunas
605 3188 728 3260 tamque
742 3180 913 3260 splendidas
924 3179 1044 3260 nuptias
1064 3177 1244 3259 comparasti
1258 3202 1265 3238 :
1279 3178 1373 3240 liben-

224 3277 339 3340 tissime
354 3278 455 3357 igitur,
466 3297 532 3358 quae
547 3276 670 3339 aNohis
681 3276 816 3356 postulas
830 3275 977 3356 quidquid
992 3274 1197 3356 impedimenti
1212 3274 1283 3340 huic
1294 3294 1371 3336 con-

224 3376 305 3455 jugio
328 3376 406 3437 sacri
422 3394 553 3437 canones
570 3380 747 3456 opponunt,
769 3392 822 3455 per
845 3374 918 3436 alias
939 3374 1051 3436 litteras
1067 3379 1185 3435 nostras
1205 3374 1370 3454 apostolica

224 3473 403 3535 auctoritate
418 3475 571 3554 extemplo
585 3473 813 3550 submovimus,
832 3473 961 3553 nequid
980 3478 1064 3535 tanto
1084 3479 1138 3534 tuo
1152 3478 1316 3552 nostroque
1335 3493 1370 3534 ac

223 3570 377 3631 communi
386 3570 498 3649 gaudio
507 3569 651 3632 inferatur
659 3588 762 3647 morae,
775 3587 851 3632 neve
859 3569 1016 3650 publicum
1029 3570 1155 3646 boumn,
1167 3567 1250 3648 quod
1261 3569 1369 3630 exinde

223 3666 461 3729 redundaturum
485 3675 550 3744 cst,
579 3667 757 3730 retardetur.
783 3669 844 3729 Nos
866 3674 947 3730 certe
972 3665 1231 3729 obsecrationibus
1259 3666 1370 3728 nostris

223 3765 412 3827 vehementer
433 3769 528 3828 abeo
547 3768 615 3846 Opt.
637 3765 962 3842 Max.‚00ntendimus‚
978 3772 1012 3826 ut
1035 3765 1066 3826 id
1083 3764 1160 3825 bena
1181 3763 1368 3845 feliciterque

223 3863 340 3942 utrique
354 3864 516 3926 carissima
535 3865 629 3926 Nobis
649 3863 768 3926 familia
790 3869 903 3939 vertat,
924 3862 1037 3943 tibique
1050 3861 1214 3943 prasertim
1230 3867 1369 3922 constan-

222 3965 284 4021 tem
298 3979 333 4021 ac
347 3968 525 4042 perpetuam
536 3960 628 4022 animi
638 3959 859 4038 jucunditatem
878 3975 995 4038 semper
1007 3956 1123 4018 allorat.
1138 3955 1262 4018 Interim
1282 3954 1368 4033 regia

222 4059 369 4136 llaJestati
390 4067 449 4119 tua
468 4058 605 4119 omnium
623 4057 774 4119 bonorum
798 4053 951 4134 auspicem
972 4053 1169 4134 apostolicam
1183 4050 1366 4112 benedictio-

221 4174 291 4216 nem
306 4157 336 4217 in
347 4157 503 4237 precipua
522 4174 594 4236 erga
605 4161 634 4221 te
649 4159 757 4216 nostra
770 4153 904 4214 caritatis
915 4151 1022 4233 pignus
1035 4149 1238 4214 amantissime
1253 4147 1367 4228 irnper-

224 4251 326 4313 timur.
343 4256 456 4316 Delam
467 4255 577 4322 norae,
596 4259 665 4322 etc„
685 4254 732 4313 die
749 4264 785 4311 20
798 4251 971 4329 septembris
988 4261 1061 4313 1709
1074 4295 1082 4327 ‚
1096 4249 1291 4327 pontificatus
1302 4267 1367 4309 nos-

222 4352 263 4408 tri
274 4367 350 4410 anno
360 4353 471 4427 primo.

714 4460 887 4471 *—
