3194 5354
472 483 653 538 EPISTOLAE
671 482 716 535 ET
735 481 869 536 bnssvls
888 481 1123 539 sanctiens.
1335 492 1371 540 23

225 591 329 653 nitatis
341 608 376 650 ac
392 588 550 668 patrocinii
565 605 619 666 spe
632 586 775 648 revocati.
792 589 825 647 ln
846 604 908 667 qua
920 587 1041 667 quidem
1062 605 1095 649 re
1107 588 1224 669 decepti
1246 589 1371 652 minime

224 694 312 765 sunt;
336 685 436 747 vident
446 686 526 747 enim
538 702 571 745 se
585 682 673 744 isthic
690 690 799 762 pacate
817 702 908 764 posse
924 684 982 745 sub
1000 686 1101 747 tutela
1113 691 1174 747 tua
1192 688 1371 750 auctoritate

226 785 399 847 consistere.
419 785 516 858 Quare
532 782 682 860 maiorem
703 781 733 841 in
753 781 879 842 modum
893 780 1106 844 Celsitndinem
1121 788 1208 844 tuam
1226 785 1371 848 obsecra-

226 900 305 959 mus,
321 889 355 943 ut
366 880 489 943 eosdem
498 880 575 942 tueri
590 896 625 939 ac
638 878 737 940 lavere
749 896 867 958 pergas,
877 896 1007 960 querum
1016 881 1159 960 probitati
1170 880 1279 944 lavisse
1289 901 1371 945 nnn·-

224 979 506 1060 quamtepoenitere
514 976 635 1058 poterit.
646 975 722 1038 lllud
732 982 876 1055 praeterea
884 976 1134 1038 certumtibiesse
1141 977 1243 1055 debet,
1253 981 1370 1041 nullum

224 1077 254 1137 in
268 1095 321 1139 eos
332 1094 404 1156 erga
417 1083 447 1137 te
461 1074 589 1137 conferri
604 1073 784 1136 beneficium
797 1093 905 1155 posse,
926 1074 1008 1155 quod
1029 1075 1060 1136 in
1080 1077 1142 1136 Nos
1161 1076 1255 1138 etiam
1274 1078 1370 1139 colla-

225 1181 290 1236 tum
304 1193 368 1236 esse
387 1192 448 1236 non
462 1181 622 1254 putemus,
635 1173 775 1253 qnodque
784 1190 877 1252 quam
887 1179 975 1252 grato
987 1191 1023 1234 ae
1035 1173 1163 1234 memori
1184 1174 1372 1254 excipiamus

228 1273 347 1351 animo,
363 1273 474 1354 siquid
490 1275 520 1335 in
535 1279 691 1354 posterum
709 1269 865 1348 inciderit,
877 1288 938 1351 quo
961 1270 991 1331 id
1011 1271 1116 1332 testari
1131 1271 1185 1332 tibi
1197 1272 1368 1349 valeamus,

226 1371 325 1451 reipsa
334 1371 422 1433 facile
434 1371 591 1450 intelliges.
604 1370 728 1431 interim
747 1386 924 1449 persuasum
941 1369 994 1430 tibi
1010 1369 1141 1430 maxime
1158 1369 1218 1430 hoc
1228 1371 1370 1450 cupimus

224 1468 350 1530 eximias
363 1469 455 1530 animi
465 1468 509 1530 tui
523 1468 611 1529 dotes
624 1472 655 1527 et
664 1465 784 1544 agnosci
798 1465 926 1542 anobis,
941 1472 971 1525 et
982 1465 1103 1545 plurimi
1112 1466 1272 1545 aestimari,
1284 1468 1370 1529 obse-

223 1568 361 1647 crarique
375 1571 470 1630 Deum
489 1569 558 1648 Opt.
573 1567 653 1628 Max.
669 1571 703 1624 ut
716 1571 747 1625 tc
763 1563 905 1624 omnibus
922 1562 1011 1625 bonis
1024 1565 1198 1640 cumulare,
1214 1584 1250 1626 ac
1271 1567 1310 1627 ad
1327 1566 1370 1628 in-

224 1666 431 1728 columitatem
450 1672 540 1746 atque
555 1663 783 1745 amplitudinem
794 1679 872 1722 verae
886 1679 922 1722 ac
937 1661 1039 1722 solida
1052 1661 1204 1725 felicitatis
1218 1665 1370 1726 accessio-

222 1781 292 1826 nem
310 1765 374 1826 lieri
387 1765 467 1827 velit.
485 1767 600 1828 Dotem
609 1765 720 1832 nome,
731 1768 799 1833 eta,
812 1761 861 1820 dte
879 1770 915 1818 ne
931 1765 1055 1838 augusti
1072 1771 1159 1837 1⁷69,
1176 1762 1370 1840 pontificatus

222 1868 317 1924 nostri
330 1881 417 1924 enno·
423 1867 534 1941 primo

710 1970 884 1983 m

727 2070 860 2139 XXVll.

561 2227 692 2268 evasero
712 2229 799 2270 ereio
823 2230 931 2272 nomm
956 2231 1028 2272 vrso

425 2339 670 2399 WlLllELMO
696 2341 896 2403 PRINCIPI
924 2347 1152 2407 PALATINO

529 2461 762 2541 CLEMENS
791 2466 918 2543 ΡΑΡΛ
948 2467 1054 2544 XIV.

928 2629 1025 2686 Bonna,
1038 2632 1052 2675 tl
1067 2628 1207 2689 septembris
1222 2630 1289 2677 tlsstl.

263 2731 400 2798 Ditccte,
416 2736 473 2792 etc.
490 2728 666 2811 lneredibile
679 2730 767 2810 plane
779 2729 924 2810 gaudium
943 2733 1106 2793 attulerunt
1120 2733 1213 2794 Nobis
1228 2740 1287 2793 tuse
1307 2732 1373 2791 exi-

222 2828 290 2889 miis
306 2829 335 2888 in
347 2829 408 2889 Nos
421 2834 453 2888 et
467 2827 663 2906 apostolicam
677 2827 755 2888 hano
768 2846 822 2890 seu
836 2828 939 2888 sedem
952 2828 1050 2890 filialis
1061 2829 1258 2891 observantiae
1273 2828 1373 2906 signi-

222 2924 411 2984 ficationibus
434 2925 564 3002 insignes
581 2925 704 3000 litterae,
721 2926 831 3004 quibus
853 2925 955 2985 divina
976 2944 1034 3003 ope
1058 2927 1210 3003 agnovisse
1232 2932 1262 2984 te
1276 2924 1373 2984 refers

223 3021 455 3099 protestantium
468 3038 600 3090 errores,
621 3026 710 3097 atque
721 3039 813 3080 unam
830 3020 964 3080 veritatis
977 3028 1008 3078 et
1022 3021 1125 3080 salutis
1139 3038 1239 3080 arcem
1260 3020 1369 3079 catho-

221 3117 311 3177 licam
323 3133 388 3177 esse
402 3116 582 3191 Ecclesiam,
592 3134 690 3194 eoque
708 3117 773 3195 ipso
785 3117 852 3190 die,
866 3132 928 3195 quo
942 3122 1005 3175 tam
1016 3114 1115 3175 lausta
1129 3115 1165 3175 de
1183 3122 1214 3175 te
1229 3121 1291 3176 tam
1302 3116 1369 3176 loeta

222 3233 258 3274 ac
265 3214 400 3291 jucunda
409 3214 502 3275 Nobis
512 3212 734 3292 perscribebas,
746 3213 798 3291 qui
809 3212 873 3273 dies
888 3211 1074 3272 invictissimi
1088 3212 1228 3291 martyris
1238 3214 1368 3275 Lauren·

220 3311 266 3387 tii,
278 3312 481 3389 cujusnomen
489 3311 550 3372 Nos
559 3310 717 3389 gessimuS,
728 3328 861 3390 pugnam
870 3327 926 3389 pro
939 3308 999 3368 lide
1011 3327 1046 3368 ac
1055 3309 1244 3389 triumphum
1252 3312 1366 3386 recolit,

222 3408 360 3485 abjurata
385 3409 441 3469 rite
456 3407 578 3469 Lutheri
598 3415 680 3469 secta
704 3408 742 3469 ad
764 3408 853 3485 hujus
868 3406 1064 3468 sanctissime
1078 3413 1187 3468 nostra
1200 3409 1304 3470 Matris
1325 3411 1368 3470 si—

223 3524 295 3566 num
310 3505 450 3565 omnibus
461 3505 601 3567 humanis
615 3504 794 3584 posthabitis
810 3504 976 3565 rationibus
988 3504 1168 3583 confugisse.
1182 3506 1258 3579 Quid
1276 3507 1368 3568 Nobis

221 3603 408 3683 exoptatius,
423 3604 495 3683 quid
515 3601 666 3682 acceptius
679 3602 815 3663 accidere
836 3619 970 3682 unquam
983 3603 1099 3681 potuit,
1115 3622 1208 3682 quam
1229 3612 1368 3683 suscepta

223 3701 377 3762 catholicae
392 3701 523 3762 veritatis
536 3701 728 3780 persuasione
751 3700 858 3761 animae
881 3707 939 3760 tuae
959 3700 1157 3760 incolumitati
1172 3700 1289 3779 egregie
1307 3721 1324 3760 a
1339 3709 1369 3761 te

223 3800 405 3875 consultum,
416 3800 646 3877 verumqucNos
657 3816 691 3858 ac
702 3817 720 3857 a
730 3800 790 3857 [leo
798 3796 993 3857 constitutum
1003 3796 1118 3856 visibile
1131 3798 1269 3858 Ecclesiae
1278 3807 1369 3878 capnt

222 3896 297 3972 ccli,
319 3916 354 3958 ac
373 3899 402 3958 in
420 3905 576 3978 parentem
588 3904 674 3956 tirum
688 3895 826 3974 agnosci,
842 3900 929 3973 teque
945 3892 1075 3954 invicem
1095 3895 1219 3956 aNobis
1232 3902 1369 3956 nostrum

222 3996 393 4074 compellari
411 3995 522 4072 tilium,
539 3995 569 4054 in
588 4000 617 4054 tc
631 3994 816 4074 pontificiam
835 3993 996 4072 pietatem,
1010 3992 1266 4067 benevolentiam,
1288 3991 1369 4051 cari-

223 4099 374 4173 tatemque
390 4111 509 4153 omnem
530 4091 688 4152 collocarit
702 4090 827 4151 blirilica
850 4089 963 4151 idcirce
985 4090 1077 4151 animi
1094 4089 1282 4166 jucunditate
1297 4107 1370 4168 per-

224 4187 292 4262 fusi,
307 4190 438 4269 primum
449 4189 583 4250 omnium
598 4190 746 4250 bonorum
761 4187 892 4267 largitori
907 4190 980 4263 Deo,
993 4189 1044 4267 qui
1057 4194 1087 4247 to
1102 4185 1219 4244 vocavit
1231 4184 1260 4244 in
1276 4185 1370 4246 admi-
1429 4239 1431 4242 .

225 4286 316 4346 rabilo
331 4289 431 4348 lumen
452 4307 559 4364 suum,
575 4306 707 4347 summas
722 4286 867 4345 habemus
889 4304 924 4345 ac
946 4283 1100 4345 reddimus
1118 4281 1247 4358 gratias,
1263 4290 1325 4343 tam
1340 4293 1370 4341 et

225 4385 391 4456 commissae
405 4385 496 4447 Nobis
511 4386 665 4460 Ecclesiae,
681 4405 747 4464 qum
760 4385 832 4445 dom
845 4385 976 4443 insnum
991 4390 1019 4441 te
1034 4380 1209 4442 redeuntem
1221 4384 1377 4461 gremium

226 4478 417 4563 cupidissime
441 4483 567 4563 exeipit,
591 4483 641 4543 tali
664 4488 805 4559 levitaque
828 4480 997 4540 accessione
1012 4482 1134 4539 auctam
1149 4498 1180 4541 sc
1198 4481 1323 4558 gaudet,
1340 4488 1374 4541 ct
