3194 5354
632 473 1002 571 uocunrauna'vsnrr.
1338 523 1393 573 aso

245 619 404 703 prasentia
417 624 447 681 et
460 619 680 699 acquiescentia
693 619 874 700 quandoque
885 638 945 682 non
961 620 1166 682 adducaturin
1180 630 1392 701 argumentum

245 716 464 796 abrogationis,
477 717 523 777 vei
542 715 745 777 desuetudinis
758 715 842 796 legis.
859 714 973 778 Poterit
982 715 1096 792 forsan,
1108 723 1143 777 ut
1153 719 1191 778 Α.
1203 719 1239 777 Τ.
1254 726 1392 796 veretur,

243 814 342 894 sperni
357 812 528 894 hujusmodi
549 814 725 895 protestatio
741 813 772 875 in
787 814 986 895 presentibus
996 813 1145 890 comitiis,
1158 814 1211 876 scd
1224 815 1335 877 valebit
1357 816 1388 878 in

243 909 351 971 bituris
367 908 567 992 aiquioribus,
587 915 622 971 ut
641 910 757 972 facilius
774 915 985 981 retractentur,
1001 927 1069 990 qua
1082 915 1190 973 contra
1200 909 1388 990 protestatio-

242 1023 330 1084 nem,
345 1013 375 1068 et
385 1025 456 1069 cnm
465 1024 606 1089 expresso
618 1006 754 1069 dissensu
767 1012 851 1087 gesta
860 1011 949 1083 sunt,
961 1023 1019 1067 noc
1031 1004 1147 1068 desumi
1160 1004 1393 1085 poterittaoitus.

242 1123 403 1168 consensus
411 1125 449 1169 ex
459 1106 687 1188 acquiescendo.
698 1105 812 1180 Quibus
821 1104 1066 1183 tamencauteiis,
1077 1111 1177 1185 etqua
1190 1104 1387 1184 circumspec-

241 1201 322 1263 tione
333 1201 364 1264 id
376 1202 480 1283 pertici
490 1202 609 1280 debeat,
623 1203 748 1265 solertia
761 1201 972 1282 Anrplitudinia
984 1207 1043 1263 tuu
1060 1201 1232 1282 relinquunt
1248 1200 1388 1263 Enrinen·

242 1295 346 1358 tissimi
365 1304 478 1378 patres.
493 1297 631 1359 Ceterum
645 1298 683 1359 da
703 1296 863 1360 individuis
881 1297 911 1356 in
928 1297 1067 1360 convictu
1083 1296 1275 1360 nrarrcntibus
1284 1341 1292 1374 ,
1307 1315 1386 1383 quo-

244 1412 311 1456 rum
331 1414 423 1476 opera
436 1415 491 1478 pro
513 1397 727 1474 concionibus,
750 1397 795 1457 vel
811 1394 1068 1469 confessionibus,
1090 1399 1143 1455 aut
1163 1394 1273 1457 scholis
1286 1394 1388 1474 piures

241 1493 370 1556 nationis
382 1490 514 1576 episcopi
528 1493 571 1556 uti
583 1500 759 1575 peroptant,
770 1492 911 1556 Sanctiss.
922 1495 957 1554 D.
971 1494 1008 1552 N.
1023 1491 1072 1552 cui
1084 1490 1165 1553 iacta
1175 1499 1222 1553 est
1232 1491 1337 1554 relatio
1347 1491 1386 1554 ii-

239 1596 372 1651 terarum
384 1591 551 1672 Amplitud.
565 1597 638 1666 tua,
654 1590 752 1652 eidem
763 1588 961 1670 Arrrplitudini
976 1596 1037 1650 tua
1047 1606 1153 1651 curam
1164 1606 1286 1651 omnem
1297 1588 1385 1650 relin-

239 1685 320 1766 quit,
334 1688 382 1749 cui
396 1695 557 1769 propterea
568 1688 725 1751 facultates
738 1706 843 1751 omnes
855 1688 1054 1765 necessarias,
1064 1694 1097 1749 et
1109 1692 1294 1768 opportunas
1308 1705 1385 1748 aon-

238 1784 335 1862 cedit,
348 1794 381 1848 ut
399 1786 430 1847 in
446 1802 570 1848 casuum
586 1785 792 1865 contingendis
809 1804 865 1866 pro
878 1803 934 1847 suo
948 1784 1088 1861 arbitrio,
1101 1790 1132 1846 ct
1146 1783 1307 1865 prudentia
1322 1784 1383 1847 sin·

237 1883 379 1961 gulariter
392 1883 546 1963 permittat
556 1882 711 1963 Episcopis
723 1883 909 1945 Cracoviensi
922 1928 930 1960 ,
945 1881 1088 1958 Viinausi,
1100 1880 1301 1958 Luoeoriensi,
1313 1881 1384 1943 Kio-

238 1978 347 2050 viensi‚
362 1977 529 2040 Livoniensi
540 1985 571 2039 et
583 1978 775 2041 Posnaniensi
790 1979 906 2060 aliquos
917 1996 955 2041 ex
973 1976 1149 2053 indiuiduis,
1160 1996 1238 2056 quos
1252 1978 1384 2057 aptiores

233 2076 432 2155 iudicaverint
441 2080 487 2154 ,et
500 2095 629 2158 quorum
640 2077 763 2139 nomina
774 2076 857 2158 prius
871 2073 1071 2157 expresserint
1081 2071 1282 2154 amplitudini
1293 2075 1329 2134 T.
1343 2073 1382 2134 ad

236 2172 376 2252 predicta
398 2171 501 2234 munia
527 2172 694 2253 approbare
719 2190 775 2254 pro
797 2171 890 2235 modo
917 2170 1119 2248 necessitatis,
1141 2178 1173 2232 et
1196 2169 1234 2233 ad
1262 2177 1384 2250 tempus

236 2271 272 2330 Α.
288 2272 324 2330 Τ.
345 2267 535 2346 benevisurn,
559 2267 797 2349 quibuscumque
823 2269 854 2329 in
885 2266 1070 2330 contrarium
1095 2283 1155 2328 non
1180 2264 1379 2329 obstantibus.

236 2367 305 2433 Hac
323 2366 408 2442 jussu
430 2367 489 2426 EE.
505 2367 562 2427 PP.
580 2365 770 2428 rescribimus
782 2367 820 2427 d.
834 2367 871 2426 T.
889 2365 1045 2444 eiquactc.

314 2480 526 2564 Amplitudinis
542 2489 602 2542 tua

680 2561 922 2624 studiosissimus
937 2560 979 2621 uti
997 2562 1100 2623 Frater

853 2689 885 2740 Α.
906 2687 1095 2740 mantuanis
1109 2687 1273 2741 consinus.

851 2776 882 2828 V.
906 2775 1121 2837 discensurus,
1141 2777 1322 2829 secreuit-ius.

711 2921 892 2935 ψ

741 3045 858 3115 CCOEI.

310 3184 460 3265 oxeosu'.
476 3198 525 3258 ou
546 3183 679 3261 uuus
700 3201 750 3261 ua
772 3201 821 3261 aa
841 3195 1023 3263 nucroiou
1047 3202 1096 3260 nn
1119 3201 1293 3262 nunnius

1075 3333 1261 3395 Vercouicium
1274 3337 1340 3383 1774.
1376 3400 1382 3407 Ι

267 3439 310 3497 On
332 3454 369 3497 nc
382 3435 493 3502 saurait
506 3455 538 3497 se
560 3437 708 3518 rappeler,
729 3454 799 3498 sans
815 3436 888 3499 faire
903 3437 1006 3498 ire'rnir
1021 3437 1215 3515 I’humanite,
1236 3439 1373 3520 l’epoqua

228 3535 343 3597 brneste
357 3534 395 3596 de
408 3535 438 3600 ta
450 3533 586 3600 dernidre
595 3535 747 3598 incursion
760 3536 1055 3618 dasilaydamacset
1069 3546 1170 3601 autres
1180 3539 1322 3619 brigands
1333 3560 1371 3604 en

228 3632 357 3696 Ukraine
373 3651 410 3694 en
435 3645 531 3711 rica,
552 3639 583 3695 et
598 3633 642 3695 les
664 3632 756 3696 anites
769 3633 959 3715 deplorabios
976 3636 1084 3716 qa’eile
1097 3654 1116 3698 a
1130 3654 1185 3713 eu,
1202 3637 1320 3718 lorsque
1342 3639 1371 3700 la

227 3729 338 3792 renuite
348 3730 402 3811 qui
413 3713 475 3792 s’eri
486 3735 532 3792 est
542 3730 635 3792 suivie
649 3730 769 3792 acause
781 3730 951 3810 iapertede
966 3732 1035 3812 pres
1049 3731 1088 3793 de
1099 3743 1208 3810 cauno
1220 3731 1368 3807 hommes,

225 3828 390 3888 massora
414 3845 488 3889 avec·
508 3835 574 3893 tout
599 3827 834 3891 l’acirarnement
853 3827 927 3889 dont
952 3829 981 3890 la
1006 3828 1109 3890 fureur
1132 3829 1162 3892 la
1183 3829 1251 3910 pius
1265 3830 1369 3893 -iuoui'e

225 3931 296 4005 peut
310 3927 373 3987 etr-e
384 3928 573 4008 susceptible.
586 3929 630 3990 On
650 3945 689 3989 ne
707 3927 769 4003 vit,
789 3925 865 3989 dans
884 3944 942 3990 une
959 3926 1088 3990 etondue
1104 3927 1309 3991 considerable
1331 3928 1369 3988 dc

224 4038 317 4101 pays,
338 4038 397 4101 que
415 4020 497 4085 vities
516 4023 690 4103 saccagees,
712 4023 833 4104 viilagos
854 4024 986 4086 davenus
998 4024 1124 4105 iaproie
1139 4025 1195 4088 des
1212 4024 1367 4099 sssmmes,

224 4137 263 4180 un
279 4124 361 4181 veste
380 4117 498 4197 desert,
514 4121 565 4202 qui
582 4138 621 4183 ne
632 4120 892 4184 laissaitd’autres
909 4129 1006 4183 traces
1024 4121 1062 4183 de
1079 4141 1126 4185 scs
1142 4122 1296 4184 habitants
1308 4141 1367 4204 quc

223 4217 334 4296 iesang
345 4221 376 4278 et
392 4216 422 4277 la
433 4216 541 4277 cendre
553 4219 720 4283 confundus
734 4221 894 4282 ensembie.
1044 4276 1045 4279 ,

261 4315 283 4374 u
303 4333 322 4393 y
343 4313 423 4375 avait
446 4313 523 4374 aiors
547 4313 620 4378 dans
641 4325 719 4380 cette
740 4326 822 4379 vaste
842 4320 963 4380 coatrae
991 4319 1060 4397 pres
1091 4318 1128 4378 dc
1162 4328 1236 4378 taut)
1260 4318 1367 4398 e'giises

221 4410 423 4489 paroissiales,
442 4412 491 4492 qui
511 4412 671 4476 relevaient
687 4423 718 4477 et
740 4415 856 4477 avaient
877 4416 973 4477 reieue‘
994 4416 1100 4497 depuis
1117 4415 1364 4498 tras-longteinps

220 4507 260 4569 du
283 4507 469 4588 mctmpolno
494 4508 535 4570 du
556 4510 604 4570 Rit
627 4514 702 4573 Grec
727 4513 799 4591 Uni,
815 4514 921 4592 atique!
944 4531 979 4574 cn
1000 4513 1098 4575 donne
1119 4533 1157 4576 en
1179 4516 1309 4594 Poiognc
1335 4517 1362 4576 le
