3194 5354
233 470 266 518 it
662 464 869 520 asuerus
887 465 951 519 XlV

231 575 335 631 nostra
348 566 442 629 etiam
453 585 546 629 causa
557 576 684 647 paterno
697 568 798 630 animo
812 574 953 648 exceptas
966 586 1031 630 csse
1042 587 1096 649 per
1112 574 1142 630 te
1159 576 1250 650 atque
1265 570 1387 649 adjutas

231 662 319 740 velis,
334 669 376 739 et,
391 663 416 724 si
431 662 503 724 utile
517 681 553 724 ac
571 670 777 744 opportunum
789 664 872 743 quod
887 664 1040 744 suscipere
1054 665 1182 745 cupiunt
1199 665 1316 729 visendi
1329 688 1387 749 ge-

230 776 303 834 nus,
322 757 376 819 tibi
390 775 446 839 pro
460 765 512 820 tua
530 757 691 839 prudentis
704 758 802 821 visum
815 759 921 836 inerit,
937 759 1018 821 idem
1029 778 1227 841 promomm,
1241 769 1334 844 alque
1348 766 1386 828 ad

230 853 345 915 exitum
367 852 493 923 conulio
515 861 569 916 tuo
584 861 673 935 atque
693 855 873 918 auctoritato
887 854 1047 936 perducas.
1069 856 1122 918 Sin
1135 857 1259 920 obstare
1271 859 1387 940 aliquid

229 959 295 1011 tam
309 951 364 1031 piae
382 970 486 1013 earum
502 952 648 1013 voluntati
662 952 787 1031 rideris,
805 972 840 1015 ac
854 952 927 1023 nibil
943 953 973 1014 in
988 972 1025 1017 eo
1036 953 1121 1033 quod
1132 955 1272 1035 cupiunt,
1290 975 1388 1037 agen-

230 1049 305 1111 dum
319 1069 384 1112 esse
397 1051 564 1127 censueris,
580 1058 613 1111 ut
634 1051 683 1112 ita*
699 1051 833 1132 ipsarum
854 1054 919 1114 rite
934 1070 1095 1134 rerumque
1115 1053 1246 1117 rationes
1260 1059 1314 1117 tua
1326 1075 1387 1138 ope

231 1154 323 1226 etque
334 1166 427 1228 opera
442 1147 627 1223 constituas,
644 1155 678 1209 ut
691 1149 842 1230 suscipere
855 1156 918 1210 tam
933 1150 1038 1229 longa,
1054 1169 1089 1212 ac
1103 1157 1167 1213 tam
1178 1151 1333 1215 imbecillis
1344 1153 1388 1214 ri·
1430 1216 1435 1229 ,

230 1242 315 1303 ribus
328 1243 497 1323 periculosa
514 1243 620 1306 itinera
633 1245 662 1304 in
676 1245 809 1306 animum
824 1246 953 1326 emplius
969 1264 1029 1308 non
1042 1247 1196 1310 inducant.
1209 1251 1279 1311 llaec
1293 1251 1332 1312 sd
1343 1257 1385 1327 te,

230 1340 415 1401 Venerabilis
424 1342 539 1417 Frater,
552 1340 594 1402 ita
606 1342 836 1422 perscribimus,
848 1351 881 1404 ut
894 1362 1077 1424 magnopere
1088 1344 1276 1406 confidamus
1289 1354 1318 1407 tc
1330 1364 1387 1426 pro

230 1438 390 1518 prudentia
404 1448 456 1501 tua
469 1440 660 1521 plurimoque
675 1440 844 1501 animarum
856 1441 919 1501 zelo
931 1440 1003 1502 nulli
1016 1440 1188 1504 defuturum
1201 1460 1266 1503 esse
1276 1461 1387 1524 oppor-

232 1535 366 1613 tunitati,
381 1555 447 1616 que
468 1534 506 1597 ad
520 1536 621 1615 gloria
641 1537 693 1597 Dei
707 1545 875 1618 sancteque
892 1537 961 1600 lidei
979 1547 1087 1601 nostre
1108 1539 1327 1602 incrementum
1343 1542 1387 1603 la-

231 1631 307 1707 niat,
330 1649 365 1692 ac
386 1638 491 1693 nostru
504 1632 596 1694 etiam
615 1632 790 1711 hujusmodi
809 1633 908 1697 studia
923 1636 982 1697 tuis
1002 1635 1032 1697 in
1052 1635 1192 1717 prelatas
1212 1636 1336 1699 dilectas
1355 1637 1386 1700 in

231 1728 348 1790 Christo
361 1728 563 1791 filiascollatis
572 1730 724 1793 beneficiis
738 1749 803 1793 esse
817 1741 1082 1814 prosequulurum.
1100 1733 1132 1795 ld
1146 1734 1239 1796 Nobis
1257 1735 1342 1797 erita
1356 1744 1387 1797 te

231 1824 453 1904 gratissimum,
474 1826 724 1907 confirmabitque
736 1847 816 1904 eam,
835 1848 928 1910 quam
942 1830 980 1891 de
993 1830 1135 1911 pastorali
1150 1831 1258 1892 virtute
1271 1838 1325 1891 tue
1335 1850 1388 1910 ge-

231 1925 327 1987 rimus
339 1925 527 2006 opinionem,
548 1927 634 2003 cujus
648 1945 720 1987 cum
734 1924 798 2007 peri
819 1926 974 2007 pontillcia
988 1927 1197 1990 benevolentia
1219 1927 1389 2006 conjuncte

232 2033 444 2106 ammentum
458 2025 550 2088 etiam
567 2025 679 2088 babere
699 2024 796 2106 possis
810 2042 848 2086 ex
870 2025 1035 2107 apostolica
1053 2025 1277 2105 benedictione,
1291 2046 1388 2108 quum

232 2126 299 2203 tibi,
321 2126 506 2188 Venerabilis
525 2127 640 2203 Frater,
656 2131 773 2204 tueque
794 2123 864 2185 ildei
887 2124 1050 2185 commisso
1068 2126 1182 2206 populo
1196 2132 1389 2206 peramanter

231 2223 431 2305 impertimur.
455 2228 569 2287 mmm
592 2226 704 2295 Rome,
724 2230 794 2293 ete„
818 2224 869 2284 dle
894 2234 928 2283 rt
950 2229 1058 2285 martii
1080 2235 1175 2304 177⁰,
1193 2227 1389 2306 pontificatus

232 2330 330 2386 nostra·
343 2343 425 2387 sano
435 2330 549 2404 primo
1314 2355 1318 2361 ·

712 2437 898 2450 Μ

743 2546 871 2615 LXVll.

577 2704 710 2747 bruneto
734 2704 819 2747 eluro
842 2704 951 2748 bostut
974 2703 1048 2746 vnto

610 2812 751 2872 COMITI
771 2810 822 2871 DE
844 2810 1005 2879 OEYass,

410 2927 521 2977 ssors
541 2927 778 2976 srussrssurr
802 2926 1030 2976 sscnsrsaro
1055 2923 1208 2982 sessus,

516 3032 780 3112 CLEMENS
817 3033 949 3112 PAPA
984 3028 1102 3108 XIV.

993 3183 1092 3240 Rome,
1111 3185 1126 3228 5
1142 3177 1224 3240 aprilis
1240 3179 1309 3227 llio.

272 3292 401 3359 Dilecto,
413 3295 471 3351 etr.
485 3291 529 3349 Ex
543 3288 662 3350 duabus
675 3289 786 3352 nostris
800 3289 830 3351 in
842 3289 941 3351 torma
952 3285 1055 3349 Brevis
1069 3283 1185 3361 litteris,
1200 3300 1276 3364 quas
1288 3280 1392 3347 istlrnc

233 3384 477 3459 transmittimus,
486 3385 687 3447 venerabilem
696 3386 819 3448 fratrem
827 3387 977 3447 loannem
985 3381 1244 3464 archiepiscopum
1252 3379 1394 3442 Ebosea-

233 3502 299 3545 sem
311 3501 378 3545 osse
393 3481 516 3546 aNobis
528 3481 558 3542 in
575 3484 745 3561 generalem
760 3482 844 3545 istius
856 3482 938 3562 regni
953 3481 1163 3563 Inquisitorem
1179 3478 1391 3554 mustitntum,

232 3588 264 3644 et
282 3580 514 3655 consensum,
539 3578 697 3660 eidemque
717 3579 900 3642 necessarias
917 3579 1035 3660 ipsique
1058 3577 1178 3640 muneri
1201 3583 1394 3658 opportunas

232 3677 399 3758 impertitas
411 3676 586 3750 facultates,
602 3675 758 3757 intelliges.
773 3676 860 3750 Quod
873 3693 966 3756 quam
982 3675 1109 3736 libenter
1131 3672 1330 3752 alacriterque
1342 3670 1393 3733 le-

232 3776 363 3837 cerimus
374 3793 467 3838 causa
479 3774 645 3856 presertim
656 3775 801 3837 carissimi
811 3775 841 3836 in
853 3774 969 3836 Christo
980 3774 1033 3836 lilii
1043 3772 1139 3837 nostri
1149 3771 1273 3853 loseplri
1284 3773 1395 3834 Portu-

232 3872 338 3954 gallie,
353 3878 383 3932 et
392 3872 688 3952 Algarbiorumregis
703 3872 869 3935 fidelissimi
880 3871 1073 3935 succundem
1081 3868 1395 3949 judicioexomantis,

233 3968 385 4049 Nobisque
397 3967 524 4048 proinde
534 3969 747 4050 proponentis,
767 3990 804 4032 ac
819 3969 1024 4051 praesentantis
1035 3975 1122 4050 potes
1135 3986 1173 4030 ex
1185 3966 1313 4029 aliarum
1323 3984 1396 4028 nos·

234 4074 350 4128 trorum
372 4066 512 4146 exemplo
532 4085 732 4146 cogitosocre,
754 4086 832 4146 quas
852 4067 890 4129 od
913 4085 1015 4148 regem
1035 4064 1243 4129 nudissimum
1262 4061 1396 4141 dauers,

234 4165 434 4246 quosquebac
444 4165 513 4246 ipsa
520 4165 747 4246 opportunitate
759 4171 889 4245 paterne
901 4173 1009 4228 nostre
1020 4164 1051 4227 in
1062 4182 1134 4227 eum
1144 4157 1398 4226 cumulatissime

236 4260 396 4326 voluntatis
405 4272 495 4327 testes
502 4262 704 4344 adjungimus.
715 4261 749 4322 ld
760 4262 923 4325 nuncadte
934 4263 1026 4326 etiam
1032 4261 1220 4344 perscribere
1229 4256 1396 4335 voluimus,

235 4358 342 4423 dilecte
366 4362 407 4423 fili
429 4362 538 4425 nobilis
552 4361 609 4438 vir,
630 4367 830 4440 nostrumque
850 4362 941 4443 plane
962 4366 1155 4443 perspectum
1176 4357 1232 4419 tibi
1256 4353 1396 4418 animum

237 4458 358 4522 uberius
372 4459 471 4524 adhuc
488 4460 687 4535 confirmare,
702 4466 813 4540 utque
828 4468 945 4537 mutue,
961 4469 990 4523 te
1008 4462 1184 4541 interprete,
1197 4456 1272 4518 inita
1286 4461 1332 4519 est
1345 4455 1399 4516 in-
