3194 5354
475 465 657 518 EPlSTOLAE
678 466 721 520 ET
739 466 873 519 Bnrzvta
890 467 1122 522 sELecrtona.
1325 477 1376 529 tae

223 569 341 651 quibus·
353 571 383 630 in
396 570 511 644 litteris,
526 575 617 649 prout
632 589 649 630 a
666 569 758 631 Nobis
777 570 940 650 postulavit
955 571 1109 633 carissima
1121 572 1150 632 in
1170 575 1285 636 Cluisto
1300 576 1376 636 Filia

225 677 330 730 nostra
343 667 436 728 Maria
444 667 587 728 Therasia
596 667 754 747 Hungariae
763 666 876 747 Regina
888 667 1073 746 Apostolioa‚
1086 687 1213 730 necnon
1222 671 1374 733 Bolentia

226 764 470 844 Reginaillustris
481 764 511 825 in
520 767 726 826 Romanorum
737 764 1173 843 Imperatricemelectavidna,
1183 784 1293 828 novam
1301 787 1371 830 san-

226 860 366 923 cimusde
376 861 585 923 imminutione
596 859 740 924 festorum
750 859 983 941 dierumlegem,
993 859 1374 946 atqueimiicipopulis,qui

226 956 324 1019 eidem
336 959 461 1037 subjecti
476 965 562 1034 sunt,
582 958 619 1020 ab
634 958 728 1036 iisque
740 956 852 1018 servari
866 956 1056 1019 mandamus.
1072 959 1187 1021 Harum
1207 961 1375 1022 litterarum

227 1058 318 1119 verba
333 1060 414 1138 ipsa,
435 1064 468 1118 ut
481 1057 526 1118 vis
537 1057 611 1135 legis
623 1062 782 1136 perspecta
796 1053 850 1115 tibi
865 1062 960 1131 esset,
975 1057 1109 1135 sequenti
1131 1065 1235 1119 tenore
1249 1057 1376 1137 subjici-

226 1174 294 1217 mus
317 1157 486 1219 Venerabili
509 1156 605 1218 Fratri
629 1153 766 1236 dosepbo
783 1153 1008 1235 archiepiscopo
1023 1155 1177 1216 Colocensi
1205 1179 1213 1215 :
1239 1155 1374 1219 Clemens

227 1255 309 1333 Papa
321 1256 400 1316 XIV.
414 1254 603 1317 Venerabilis
618 1255 724 1316 Frater
733 1253 861 1315 salutem
876 1260 906 1315 et
917 1255 1118 1335 apostolicam
1130 1253 1373 1347 benedictionem

225 1358 357 1429 patema
367 1351 497 1414 caritati.
511 1354 662 1416 inseratur
675 1351 860 1431 subsequens
871 1351 961 1412 breve
977 1368 1073 1430 usque
1087 1350 1125 1413 ad
1140 1352 1253 1413 verba:
1273 1355 1374 1415 liene-

225 1445 416 1528 dictusStay.
431 1449 489 1511 Hic
501 1457 547 1513 est
566 1455 739 1511 nostrarum
751 1448 790 1509 ad
809 1448 966 1528 episcopos
980 1446 1176 1528 epistolarum
1186 1455 1284 1526 tenor,
1298 1469 1374 1530 quas

226 1543 257 1605 in
271 1544 306 1607 iis
321 1545 395 1626 ipsis
404 1544 572 1610 mandas
585 1546 774 1608 Venerabilis
785 1548 908 1621 Frater,
927 1563 1015 1607 suam
1035 1546 1144 1626 cuique
1163 1546 1299 1624 curabis,
1321 1549 1374 1611 scd

224 1659 295 1703 cum
315 1641 366 1704 alii
387 1644 480 1707 etiam
500 1645 561 1706 sint
583 1645 693 1707 exteris
707 1644 738 1705 in
757 1640 930 1722 regionibus
951 1641 1082 1723 episcopi
1095 1643 1147 1722 qui
1163 1642 1296 1724 aliquam
1313 1662 1375 1705 suae

224 1737 360 1803 timeam
369 1742 606 1822 partembabent
615 1742 646 1802 in
660 1741 696 1802 iis
705 1740 914 1803 eatrsltaliam
924 1739 1009 1816 locis,
1025 1739 1076 1820 qui
1089 1739 1255 1802 Austriacae
1267 1736 1373 1803 ditioni

225 1833 442 1914 subjiciuntur3
454 1838 627 1918 delegamus
639 1837 988 1900 idcircoFratemitatem
999 1844 1096 1913 tuam,
1106 1837 1220 1918 tibique
1232 1837 1371 1900 conunit-

224 1932 316 1995 timus
331 1940 364 1996 ut
372 1953 427 2014 per
440 1942 508 1997 tuas
516 1936 631 1998 litteras
642 1935 721 1998 hauc
735 1935 832 2015 ipsam
844 1936 940 2014 legem
954 1933 1061 1996 iisdem
1071 1941 1173 1996 nostro
1184 1933 1306 1998 nomino
1317 1953 1373 2017 pro

224 2028 282 2091 illis
298 2032 509 2094 tantummodo
523 2033 596 2095 locis
613 2031 816 2115 recipiendam
842 2033 1078 2114 servandamque
1096 2034 1271 2098 denuncies.
1286 2035 1375 2108 Quod

223 2125 349 2206 quidem
365 2129 457 2191 etiam
466 2129 593 2207 eadem,
609 2149 701 2211 quam
711 2132 764 2194 tibi
774 2133 993 2195 demandamus
1006 2179 1013 2211 ‚
1027 2133 1207 2211 auctoritato
1217 2132 1375 2214 praestabis

223 2250 295 2293 cum
310 2231 346 2292 iis
361 2232 549 2308 Abbatibus,
570 2233 623 2314 qui
641 2233 750 2295 nullius
766 2232 902 2296 dioecesis
916 2239 986 2294 sunt
999 2232 1175 2312 ceterisque
1190 2230 1371 2313 prepositis,

222 2327 407 2409 quicumque
424 2329 542 2407 juribus
561 2330 783 2411 episcopalibus
801 2329 932 2409 gaudent
954 2329 1011 2390 illis
1025 2328 1136 2409 pariter
1159 2328 1190 2390 in
1208 2328 1298 2405 locis,
1319 2329 1371 2407 qui

222 2431 308 2487 extra
328 2426 446 2488 Italiam
466 2426 629 2491 Ambinon
647 2431 760 2492 Domm
780 2427 937 2516 temporali
956 2428 1095 2490 Dominio
1114 2428 1280 2506 subjacent.
1301 2429 1373 2491 uae

223 2531 303 2601 sunt,
315 2523 501 2589 Venerabilis
512 2530 627 2606 irater,
639 2528 770 2608 quaetibi
790 2528 901 2591 idcirco
910 2526 1130 2607 prescribenda
1149 2523 1372 2601 demandanda

224 2620 350 2684 libenter
371 2621 575 2701 decrevimus,
593 2626 675 2707 qnod
696 2626 802 2688 eadem
824 2643 880 2705 pro
903 2630 1061 2705 perspecta
1086 2630 1139 2684 tna
1159 2621 1315 2685 sedulitate
1336 2639 1372 2682 nc
1443 2677 1445 2681 ,

223 2718 282 2783 lide
296 2723 520 2785 accuratissime
535 2744 553 2786 a
565 2732 593 2785 te
605 2723 777 2786 conlectum
789 2724 822 2785 iri
836 2742 897 2787 nou
906 2721 1091 2784 dubitamus.
1104 2722 1136 2781 In
1146 2739 1207 2799 quo
1218 2738 1289 2781 cum
1300 2718 1373 2799 plu-

222 2815 334 2878 rimum
349 2819 504 2880 nostrode
523 2827 552 2879 te
561 2820 676 2897 judicio
696 2820 890 2895 satisfeceris,
915 2827 980 2881 tum
998 2818 1090 2879 etiam
1108 2819 1298 2878 vehementer
1320 2833 1372 2875 au-

222 2910 301 2972 xeris
323 2929 407 2986 eam,
422 2932 482 2992 qua
505 2922 535 2975 te
558 2916 704 2992 majorem
728 2916 757 2975 in
781 2915 906 2975 modum
930 2929 1158 2992 prosequemur,
1183 2907 1370 2990 pontificiam

222 3004 465 3069 benevolentiam
487 3017 641 3086 nostram,
658 3011 687 3070 in
703 3012 789 3086 cujus
805 3010 910 3070 itidem
932 3010 1040 3088 pignus
1057 3008 1254 3086 apostolicam
1275 3006 1370 3068 bene-

208 3100 388 3171 dictionem
416 3105 606 3166 Fraternitati
638 3113 696 3165 tuae
721 3111 910 3183 peramanter
945 3102 1147 3183 impertimur.
1177 3104 1291 3163 Datum
1314 3101 1370 3161 Ro

221 3219 293 3271 vnce,
305 3207 377 3277 etc,
387 3203 437 3262 dis
456 3213 492 3262 2²
506 3205 588 3277 jonis·
602 3214 689 3279 1771,
711 3206 904 3280 pontificatus
917 3207 1011 3263 nostri
1022 3220 1101 3263 anno
1116 3205 1214 3266 tertio.

222 3352 320 3425 vigore
338 3355 512 3426 praesentium
528 3355 657 3428 expeditae
671 3354 799 3422 luerunt,
817 3355 851 3410 ab
872 3353 1019 3425 apostolico
1037 3351 1184 3407 Viennensi
1206 3349 1302 3406 nuntio
1315 3362 1372 3404 suae

399 3443 509 3508 litterae,
524 3460 586 3500 cum
601 3459 705 3501 anuexo
717 3449 736 3500 Α
741 3445 873 3516 postolico
885 3442 962 3498 Brevi
978 3440 1012 3496 ad
1027 3448 1191 3512 sequentes:

258 3569 301 3625 ad
315 3570 467 3629 Electorsm
480 3572 684 3639 Trevireusem3
696 3570 739 3628 Ad
753 3571 905 3628 Flectorem
915 3571 1105 3628 coloniensem
1117 3588 1124 3636 3
1139 3567 1182 3624 Ad
1195 3566 1370 3638 archipisco-

222 3670 286 3726 pum
311 3658 511 3729 Rbemensem3
538 3658 582 3717 Ad
601 3659 844 3733 archiepiscopum
866 3661 1108 3723 cameracensem
1133 3655 1177 3711 Ad
1205 3655 1370 3727 Episcopum

222 3744 416 3814 leodiensem
430 3748 474 3806 nd
484 3749 650 3822 Episcopum
660 3750 828 3813 Metensem3
846 3746 888 3803 Ad
900 3749 1066 3820 Episcopum
1081 3745 1305 3807 verdunensen13
1326 3739 1370 3797 Ad

223 3833 355 3892 abbatem
376 3839 618 3896 Sancti-Lamberti
641 3837 858 3912 congregationis
883 3836 1086 3902 Benedictinae3
1112 3833 1156 3890 Ad
1176 3835 1285 3891 Patrem
1299 3833 1379 3888 nec-³

221 3932 310 3981 torem
326 3927 431 4001 collegii
442 3930 582 3988 Grecieus.
600 3928 740 3986 societatis
753 3930 819 3984 Jesn
831 3927 961 3984 ordinarii
975 3924 1181 3983 Miltostadiens.
