3194 5354
361 531 548 587 EPISTOLAE
562 532 609 592 ET
629 532 760 588 nuntia
781 533 1014 588 snlinertonn.
1212 539 1263 613 ld‘J

612 715 771 787 CXXXV.

566 881 700 924 nttncro
721 883 811 925 rrtro

195 988 320 1053 PETRO
343 987 680 1049 CONGREGATIONIS
701 990 1188 1050 BENEDICTINO-BAVARICAE

588 1110 782 1161 rnAEsmnnTl

425 1220 659 1300 CLEMENS
686 1225 816 1301 PAPA
842 1225 950 1302 XIV.

885 1395 983 1452 Boutae,
1000 1397 1022 1439 tl
1039 1392 1096 1453 maji
1112 1395 1179 1441 1771.
1246 1390 1250 1398 ”

155 1510 282 1574 Dilecto,
297 1513 354 1567 etc.
373 1507 447 1567 Cum
462 1524 514 1586 per
528 1505 671 1567 dilectum
686 1503 780 1565 lilium
795 1504 966 1584 Philippum
985 1506 1152 1568 carcanum
1166 1505 1266 1586 signi—

111 1603 246 1666 ficaveris
260 1603 350 1664 Nobis
373 1603 411 1664 de
427 1603 615 1682 generalibus
634 1602 740 1663 vestris
760 1603 904 1674 comitiis,
926 1622 992 1683 quae
1012 1622 1067 1682 pro
1088 1623 1260 1666 successore

112 1710 165 1764 tuo
175 1700 304 1763 creando
316 1700 398 1760 brevi
406 1683 537 1761 babituri
549 1701 631 1777 estis,
641 1700 789 1762 voluimus
802 1719 857 1780 pro
869 1700 1010 1780 singulari
1020 1708 1145 1781 paterna
1158 1710 1260 1763 nostra

113 1817 184 1878 erga
195 1797 457 1876 congregationem
471 1804 601 1858 vestram
616 1797 874 1858 benevolentiam
889 1797 925 1857 ad
941 1805 971 1857 te
982 1797 1127 1873 scribere,
1142 1818 1207 1878 quae
1222 1800 1260 1861 ad
1281 1874 1285 1883 ‚

113 1901 244 1954 vestrum
264 1893 400 1953 omnium
420 1892 581 1953 utilitatem
601 1892 749 1972 pertinere
771 1911 944 1968 censemus,
966 1912 1090 1973 quaque
1104 1913 1174 1954 cum
1198 1902 1260 1955 aui

88 2031 98 2037 -
111 1998 199 2050 erunt
213 2008 283 2049 cum
295 1988 478 2064 Abbatibus‚
490 1995 520 2048 et
533 1988 669 2049 discretis
681 1996 785 2051 nostro
798 1990 918 2050 nomine
932 1990 1171 2067 communicata,
1189 2011 1261 2070 gra-

109 2088 229 2150 tissima
242 2085 381 2156 cruribus
391 2085 492 2147 lutura
506 2086 698 2147 arbitramur.
712 2086 789 2160 Quid
802 2086 883 2148 enim
900 2087 1033 2166 gratius,
1052 2107 1087 2148 ac
1098 2088 1260 2165 jucundius

110 2185 196 2248 vobis
210 2203 274 2245 esse
289 2184 393 2261 debet,
409 2184 539 2264 quamsi
554 2203 607 2246 vos
619 2184 658 2245 ad
678 2184 727 2245 illa
747 2185 925 2261 excitemus,
939 2204 1005 2265 qua
1019 2192 1118 2245 vestra
1129 2182 1260 2245 maximo

111 2285 274 2358 intersunt,
287 2301 448 2363 veramque
459 2288 590 2343 vestram
604 2282 724 2344 laudem
737 2301 773 2343 ac
785 2282 911 2363 gloriam
923 2283 1097 2344 continent?
1109 2286 1179 2357 Quae
1190 2283 1214 2343 si
1230 2284 1260 2344 in

110 2380 284 2441 monasticae
302 2379 369 2440 vitae
382 2379 538 2460 disciplina
553 2386 692 2442 accurate
704 2380 860 2441 retinenda
876 2381 962 2441 unico
975 2388 1044 2441 sunt
1062 2381 1174 2461 posita,
1188 2387 1260 2441 tunc

109 2496 147 2538 ea
161 2485 241 2539 certe
259 2496 312 2539 vos
331 2485 498 2554 assecutos,
520 2483 641 2557 putate,
656 2478 681 2539 si
700 2497 770 2538 eum
788 2477 873 2539 vobis
885 2478 1041 2559 presidem
1060 2478 1191 2558 eligatis,
1207 2479 1258 2558 qui

111 2577 295 2657 prudentie,
309 2576 503 2652 obedientie,
515 2595 551 2638 ac
563 2576 729 2637 sanctitatis
750 2577 927 2656 praeclariun
941 2583 1031 2637 antea
1043 2577 1197 2658 specimen
1208 2576 1259 2637 de-

110 2674 202 2751 derit,
217 2675 270 2755 qui
293 2676 331 2736 ad
351 2675 506 2746 virtulem,
530 2674 568 2735 ad
588 2693 741 2736 sacrarum
763 2674 932 2736 litterarum
954 2674 1069 2752 studia,
1093 2675 1123 2736 in
1148 2675 1258 2756 quibus
1336 2678 1337 2683 ’

111 2773 174 2853 ipse
187 2779 320 2853 prestet,
341 2772 415 2834 alios
430 2770 518 2833 facilc
531 2771 682 2852 impellat,
699 2772 751 2850 qui
765 2771 893 2852 denique
912 2771 1011 2832 omnis
1029 2772 1126 2833 laudis
1139 2791 1174 2833 ac
1186 2772 1259 2832 reli-

109 2867 208 2945 gionis
219 2868 358 2928 ardorem
370 2887 426 2930 suo
438 2868 502 2947 ipsc
513 2868 650 2946 exemplo
662 2867 691 2927 in
704 2867 840 2928 omnium
855 2867 963 2928 animis
977 2869 1071 2947 possit
1083 2867 1255 2928 accendere.

108 2969 213 3045 Neque
229 2966 311 3025 enim
328 2985 429 3026 rerum
442 2972 608 3027 vestrarum
628 2971 740 3024 statum
752 2965 868 3024 clarum
885 2983 920 3024 ac
934 2964 1092 3024 llorentcm
1104 2965 1257 3038 obtinere,

108 3069 141 3120 et
155 3061 231 3120 tueri
245 3079 380 3139 unquam
389 3061 543 3140 poteritis,
558 3060 613 3120 nisi
630 3059 741 3119 virtute
752 3077 789 3118 ac
799 3059 937 3119 doctrina
951 3059 1142 3137 congregatio
1161 3066 1259 3120 vestra

109 3158 224 3234 vigeat,
238 3175 337 3236 neque
360 3157 459 3235 vigere
479 3154 651 3232 hujusmodi
674 3154 858 3215 ornamentis
872 3154 998 3236 poterit,
1021 3154 1074 3214 nisi
1089 3143 1143 3236 qni
1158 3155 1260 3236 praesit

105 3253 266 3328 omnibus,
290 3259 416 3315 caeteros
434 3253 464 3314 in
486 3253 688 3314 consectanda
711 3251 836 3326 instituti
860 3253 951 3313 vestri
979 3271 1087 3314 norma
1109 3252 1170 3314 suis
1196 3246 1259 3332 ipse

108 3351 233 3430 egregiis
246 3350 334 3412 lactis
345 3350 482 3413 retineat.
494 3352 589 3424 Quem
600 3350 689 3429 igitur
700 3349 777 3410 inter
789 3355 833 3411 tot
842 3350 968 3413 eximios
978 3358 1081 3412 vestrae
1093 3370 1259 3431 congrega-

112 3449 199 3509 tionis
218 3448 298 3510 viros
320 3454 463 3527 praestare
483 3446 615 3508 maxime
628 3446 710 3507 bisce
730 3445 870 3509 laudibus
891 3446 1013 3526 videtis,
1036 3437 1222 3511 bunc'vobis
1241 3470 1258 3510 a

113 3545 224 3625 Spiritu
236 3552 340 3607 sancto
354 3543 471 3606 ostendi
484 3561 575 3624 quem
589 3541 706 3622 eligatis
717 3543 895 3606 existimate.
909 3547 975 3607 Non
986 3546 1094 3627 privati
1106 3547 1256 3608 commodi

110 3645 255 3723 rationes,
273 3662 335 3705 non
353 3644 484 3722 cujusvis
499 3643 597 3723 gratia
612 3662 665 3705 vos
681 3643 721 3704 ab
740 3643 799 3704 bac
812 3644 948 3725 publica,
967 3652 998 3705 et
1014 3644 1146 3711 inanima
1160 3652 1259 3730 rcstra

111 3741 406 3823 utilitatequaerenda
417 3749 580 3804 removeat.
591 3741 807 3820 Tuncsingulis
819 3742 875 3804 erit
885 3744 999 3823 optimc
1009 3743 1175 3823 provisum,
1187 3761 1257 3803 eum

110 3839 188 3899 bene
200 3840 344 3915 universis
358 3841 534 3903 consulatis.
547 3842 660 3901 Verum
675 3857 714 3900 ne
728 3839 758 3900 in
770 3837 828 3900 bac
841 3846 940 3900 vestra
951 3838 1128 3919 gravissima
1142 3839 1258 3901 actione

110 3957 129 3996 a
141 3942 224 3996 recta
234 3937 386 4014 judicandi
401 3939 517 4000 ratione
529 3938 667 3999 aberrare
681 3935 816 4016 possitis,
829 3937 925 3996 Deum
946 3953 1039 3997 unum
1054 3934 1256 4018 consiliarium

111 4042 200 4114 atque
219 4042 373 4096 auctorem
395 4037 424 4097 in
446 4034 594 4114 suffragiis
618 4033 723 4094 vestris
746 4032 875 4094 ferendis
896 4032 1051 4109 adhibete,
1077 4034 1256 4109 Palremqne

111 4132 259 4192 luminum
269 4177 279 4209 ,
291 4140 324 4193 ut
334 4133 418 4194 vobis
428 4141 538 4213 praesto
553 4133 607 4208 sit,
620 4138 651 4192 et
664 4122 825 4192 sententias
834 4137 948 4193 vestras
956 4131 1075 4209 dirigat,
1087 4129 1253 4207 implorate.

112 4234 225 4310 Atque,
248 4239 282 4292 nt
304 4232 432 4293 aliorum
448 4230 593 4294 etiamad
609 4233 704 4291 Deum
726 4230 867 4310 precibus
886 4229 1118 4308 suffragatorum
1133 4225 1257 4287 consilia

107 4335 261 4405 juventur,
277 4328 434 4408 patefactis
442 4331 580 4393 Ecclesiae
593 4328 896 4390 thesaurisFidelium
912 4324 1044 4388 subsidia
1056 4322 1141 4384 robis
1153 4321 1256 4401 adjun-

109 4426 220 4502 gimus.
241 4428 427 4507 Quapropter
449 4429 589 4490 omnibus
610 4429 764 4507 utriusque
778 4445 866 4487 sexus
883 4422 1036 4494 fidelibus,
1057 4419 1108 4500 qui
1131 4440 1184 4501 per
1204 4411 1256 4481 eos

109 4522 173 4589 dies
189 4541 258 4585 clun
281 4524 428 4603 genebalis
446 4533 611 4589 conventus
632 4532 727 4587 vester
742 4522 912 4594 habebitur,
935 4516 1123 4595 monasterii,
1145 4523 1174 4579 lu
1194 4536 1255 4598 quo
