3194 5354
233 467 265 516 72
656 458 859 513 CLEMENTlS
879 461 944 513 xlv

178 653 181 659 Ι
228 568 287 627 Nos
300 563 422 643 quidem
434 564 505 624 latet
515 582 568 624 eos
582 562 662 643 ipsos
672 609 680 640 ,
690 583 820 644 quorum
834 565 864 625 in
876 565 1047 645 peragendo
1056 568 1196 647 pastorali
1211 569 1383 634 ministerio

226 660 454 724 sollicitudinem
468 678 504 721 ac
522 660 611 721 iidem
619 705 627 737 ,
646 679 776 741 quorum
790 661 968 724 instructam
977 663 1028 724 Dei
1045 663 1108 724 zelo
1121 663 1284 728 scientiam
1297 670 1382 749 opti-

225 779 272 822 ine
286 758 435 835 novimus,
449 775 530 820 nunc
540 756 645 819 dehac
655 774 757 820 rerum
766 759 1111 822 summoconsultaturos
1120 761 1294 826 inmcdium
1302 785 1380 845 esse,

223 876 259 918 ac
277 863 431 918 strenuam
443 873 498 935 pro
510 854 586 916 virili
598 873 652 917 sue
663 855 902 935 quemqueinter
920 875 952 917 se
963 857 1127 920 collaturos
1147 875 1277 940 operam
1288 871 1321 926 et
1332 865 1381 927 le-

223 955 340 1030 borem,
356 959 389 1013 ut
399 952 512 1032 aliquid
522 952 554 1013 in
567 969 730 1015 commuue
745 951 890 1031 afferant,
903 972 965 1034 quo
975 963 1226 1038 prorumpentem
1242 976 1280 1021 ac
1295 979 1381 1041 gras-

223 1058 341 1112 santem
356 1048 488 1129 undique
497 1049 580 1111 illam
591 1056 707 1129 pestem
717 1048 817 1113 divina
830 1068 888 1132 ope
898 1051 991 1113 tutius
1009 1053 1221 1134 aggrediantur
1230 1072 1268 1118 ac
1277 1060 1381 1138 repel-

222 1145 412 1209 lent.lisdom
423 1165 479 1226 pro
485 1145 591 1207 Christi
601 1146 671 1224 fide,
683 1147 1379 1234 proseuctitate,proDeclaboraturisspiritum

222 1242 338 1305 consilii
353 1262 389 1304 ac
403 1241 587 1305 fortitudinis
601 1242 775 1305 adfuturum
790 1263 808 1306 a
824 1245 952 1307 Domino
969 1245 1162 1309 vehementer
1177 1248 1376 1315 confidimus.

221 1332 351 1402 Proinde
362 1339 451 1401 nullis
459 1346 569 1401 nostre
582 1339 761 1402 hortationis
773 1340 902 1404 stimulis
913 1343 1039 1405 eosdem
1050 1363 1106 1426 pro
1118 1363 1174 1408 sito
1184 1363 1313 1410 munere
1321 1369 1379 1412 sua

222 1446 329 1516 sponte
355 1435 506 1497 concitata
526 1435 657 1515 indigere
683 1437 829 1499 letamur.
853 1440 921 1501 'luo
947 1459 1019 1503 vero
1040 1441 1170 1520 auxilio,
1191 1443 1214 1505 si
1237 1446 1319 1525 qaid
1334 1449 1375 1510 illi

221 1535 367 1616 prolicere
388 1534 504 1610 volent,
541 1552 722 1615 magnopere
747 1534 934 1614 indigebunt.
959 1536 1018 1597 Sed
1043 1544 1074 1598 et
1092 1537 1283 1618 potissimam
1307 1551 1377 1622 post

221 1634 317 1693 muna
335 1648 460 1693 suorum
474 1630 674 1713 incoeptcrum
686 1649 799 1712 speme
815 1632 1054 1712 perspectissime
1069 1633 1160 1695 enimi
1176 1636 1219 1697 tui
1231 1637 1376 1719 religione

221 1736 378 1809 repetent,
395 1725 552 1790 Carissimo
570 1727 600 1787 in
618 1726 736 1790 Christo
756 1726 797 1788 lili
819 1734 934 1805 noster,
954 1747 990 1790 ec
1011 1728 1042 1789 in
1064 1728 1147 1809 regio
1164 1731 1302 1812 presidio
1321 1743 1376 1798 tuo

220 1827 371 1909 precipue
386 1823 611 1904 conquiescent.
632 1826 667 1886 ln
680 1824 740 1885 hoc
766 1824 858 1885 etiam
880 1824 1025 1886 imitaturi
1047 1826 1109 1886 Nos
1127 1833 1232 1905 erunt,
1249 1829 1301 1909 qui
1319 1830 1376 1893 hes

221 1927 337 1991 fiducie
349 1934 458 1990 nostre
470 1923 658 2006 plenissimas
668 1923 776 1985 damus
789 1922 827 1985 ad
839 1923 1002 2000 telitteras,
1018 1929 1108 2004 teque
1116 1931 1231 2005 quanta
1240 1928 1376 1992 maximo

221 2043 384 2106 possumus
405 2022 560 2106 apostolici
576 2021 668 2085 enimi
688 2020 879 2083 contentione
893 2019 1105 2098 obsecremus,
1121 2027 1155 2083 ut
1176 2022 1300 2087 eosdem
1318 2025 1373 2088 tibi

219 2099 312 2203 mam
323 2120 635 2185 commendatissimos
649 2137 713 2182 esee
727 2118 817 2194 valis,
831 2124 866 2180 ut
881 2117 1032 2197 religionis
1046 2136 1169 2180 causam
1181 2128 1376 2200 pertrectan-

219 2219 296 2282 tium
310 2220 408 2284 zelum
421 2226 475 2280 tuo
493 2236 574 2280 nunc
595 2217 725 2279 maxime
744 2216 773 2277 in
794 2217 890 2278 Deum
905 2215 1021 2277 intento
1040 2212 1140 2278 studio
1161 2218 1327 2297 secundas,
1342 2228 1375 2284 ut

220 2318 346 2400 incaepta
361 2327 392 2382 et
405 2317 532 2381 consilia
550 2319 653 2377 omnia
675 2314 757 2394 regia
773 2304 927 2378 voluntate
941 2321 994 2377 tua
1016 2321 1167 2378 sustentes
1190 2335 1225 2379 ac
1248 2317 1372 2383 fulcias.

221 2414 319 2475 Facile
333 2422 400 2476 tum
422 2431 511 2475 suum
526 2411 567 2472 illi
582 2411 717 2472 animum
739 2411 769 2471 in
789 2414 901 2489 Deum,
919 2411 949 2472 in
968 2412 1146 2474 commissas
1160 2412 1218 2475 sibi
1238 2433 1328 2495 oves,
1344 2417 1373 2480 in

221 2510 358 2589 patriam
366 2509 475 2585 etiem,
489 2509 519 2568 in
532 2514 578 2583 te,
589 2524 774 2586 regnumque
786 2515 874 2571 tuum
884 2508 1104 2572 inflammatum
1115 2512 1372 2593 comprobabunt.

221 2607 298 2666 Cum
310 2606 391 2668 enim
405 2606 518 2688 pietate
530 2624 566 2667 ec
579 2604 723 2685 religione
739 2605 865 2686 publicae
881 2625 928 2668 res
947 2605 1137 2688 potissimum
1151 2608 1375 2673 constituantur·

221 2710 252 2764 et
262 2703 396 2784 vigeant,
411 2705 533 2784 Deoque
544 2702 742 2782 obsequentes
754 2702 858 2783 populi
869 2702 900 2763 in
912 2720 1017 2783 regum
1033 2701 1212 2764 auctoritate
1225 2703 1369 2784 perfacile

221 2802 449 2879 contineantur,
465 2799 565 2877 vides,
588 2797 746 2861 Carissimo
764 2799 794 2860 in
810 2798 927 2861 Christo
941 2799 982 2860 lili
1006 2805 1129 2877 noster,
1155 2818 1263 2863 eorum
1281 2800 1373 2882 hujus

221 2900 303 2963 modi
316 2919 405 2964 curas
420 2918 456 2962 ec
473 2897 685 2962 sollicitudines
698 2897 728 2957 in
743 2903 801 2960 tue
814 2898 973 2978 potestatis
987 2898 1066 2975 vim,
1081 2897 1111 2958 in
1126 2897 1208 2978 regni
1227 2899 1273 2961 tui
1285 2908 1374 2964 tren-

219 2980 474 3078 quntucmesse'
484 2996 634 3078 precipue
647 2995 878 3058 remeaturus.
889 2997 964 3057 cum
978 2994 1069 3076 igitur
1083 2994 1153 3073 nei,
1173 3014 1209 3057 ac
1222 2996 1374 3078 religionis

220 3112 343 3158 causam
358 3094 522 3175 suscipies,
535 3093 694 3156 tibietiam
708 3100 821 3174 tuoque
835 3110 928 3172 regno
944 3110 1126 3174 magnopere
1148 3093 1306 3171 consules,
1319 3113 1372 3156 re-

220 3210 279 3271 que
290 3193 357 3272 ipse
371 3193 590 3254 animadvertes
611 3211 672 3254 non
690 3200 754 3255 tam
776 3189 845 3252 allis
858 3207 951 3270 opum
976 3207 1191 3271 armorumque
1207 3189 1370 3271 presidiis,

220 3305 313 3366 quem
333 3288 466 3366 legitimo
489 3289 542 3350 Dei
559 3289 643 3350 cultu
661 3288 855 3368 revelataque
869 3287 1012 3349 doctrinae
1025 3287 1186 3349 stabilitate
1206 3287 1373 3350 humanam

222 3383 399 3445 societatem
418 3385 532 3446 salvem
545 3392 635 3465 etque
647 3384 830 3447 incolumem
841 3384 974 3456 retineri.
993 3384 1086 3462 Quid,
1101 3384 1184 3465 quod
1197 3391 1228 3446 ct
1238 3382 1374 3447 divinem

222 3481 254 3543 in
267 3488 297 3544 te
311 3488 439 3566 tuosque
450 3482 666 3563 benignitatem
687 3482 819 3545 maxime
834 3481 1051 3558 demereberis,
1069 3482 1093 3543 si
1108 3482 1178 3544 lidei
1190 3482 1373 3565 pietatisque

222 3578 423 3659 integritatem
443 3577 563 3669 publice
584 3585 726 3661 prestes,
741 3577 807 3640 etsi
830 3596 892 3658 que
914 3577 1059 3658 regnandi
1081 3585 1145 3639 erte
1171 3579 1302 3656 Majores
1326 3577 1373 3641 tui

221 3658 489 3741 christianissimos
503 3697 535 3739 se
544 3695 610 3739 esse
622 3695 740 3758 semper
755 3675 973 3753 exhibuerunt,
989 3675 1095 3738 eedem
1109 3684 1142 3738 tu
1154 3677 1373 3758 precellentem

220 3782 252 3835 et
266 3774 310 3835 tui
323 3774 431 3854 ipsius,
444 3782 475 3837 et
492 3775 613 3837 illorum
627 3773 754 3856 gloriam
775 3771 986 3834 illustrioribus
1007 3791 1124 3854 semper
1142 3772 1296 3853 religionis
1314 3779 1374 3835 tue

220 3871 429 3934 monumentis
443 3873 575 3935 tuearis?
591 3872 775 3935 Gravissima
795 3870 859 3940 hec
869 3869 1026 3952 pontificia
1041 3869 1133 3932 animi
1150 3869 1245 3931 nostri
1257 3869 1374 3932 sollici-

221 3969 295 4031 tudo
313 3968 478 4051 postularet
496 3989 513 4031 a
531 3970 622 4033 Nobis
632 4017 640 4048 ‚
652 3969 810 4032 Carissimo
822 3969 852 4030 in
872 3967 989 4030 Christo
1004 3967 1044 4029 hii
1059 3975 1173 4043 noster,
1187 3975 1221 4031 ut
1234 3967 1374 4048 pluribus

221 4069 312 4131 ctiam
335 4077 437 4130 tecum
460 4086 617 4146 ageremus
635 4068 715 4132 hanc
734 4087 795 4130 non
818 4067 918 4130 minus
942 4065 1135 4129 sanctissime
1155 4065 1224 4128 fidei
1241 4070 1371 4142 nostrae,

221 4162 402 4244 quamregni
416 4162 518 4239 vestri,
532 4164 696 4245 etpublicae
706 4164 931 4243 tranquillitatis
941 4163 1141 4239 causam,uisi
1151 4178 1374 4244 supervacuum

222 4261 356 4322 futurum
371 4261 400 4322 id
414 4280 479 4324 esse
493 4260 585 4324 Nobis
597 4263 760 4325 certissime
774 4261 969 4344 persuaderet
983 4269 1083 4323 nostre
1097 4261 1266 4324 eluistiane
1278 4279 1374 4323 verm

221 4379 281 4440 quc
295 4359 380 4437 regie
399 4368 457 4422 tura
474 4361 634 4442 probitatis
652 4360 764 4443 opinio.
782 4364 859 4423 Dum
878 4361 1010 4442 itaquae
1030 4364 1185 4442 Maiestate
1205 4371 1274 4439 tue,
1290 4361 1374 4442 quod

222 4457 285 4540 pari
299 4456 397 4518 studio
410 4477 501 4537 quarn
512 4461 579 4538 jure
593 4459 742 4540 potimus,
762 4467 976 4540 expectamus,
998 4461 1238 4541 orrrnipotcntcm
1256 4463 1372 4541 Deum,
