3194 5354
235 465 284 515 110
490 480 493 484 ’
663 459 865 513 cunnffinrts
884 460 948 514 xiv

231 565 283 627 sed
310 556 419 624 intimo·
441 581 477 623 ac
497 562 670 623 firmissimo
683 564 817 644 quodam
839 563 954 641 judicio
975 563 1184 642 movebamur,
1198 568 1386 645 gravissimis

227 662 343 737 causis,
359 678 539 740 summaque
554 661 669 722 ratione
681 669 832 741 suscepto.
846 661 1012 722 Maximum
1026 680 1062 722 ac
1073 664 1276 728 certissimum
1291 669 1384 732 habe·

228 766 336 826 bamus
346 760 462 822 fiduciae
475 760 576 821 omnis
591 766 700 821 nostre
716 760 848 832 initium,
862 778 898 821 ae
917 759 1160 837 tundamentum,
1173 762 1274 842 ipsum
1289 766 1384 829 Garis-

225 861 294 922 simi
316 860 346 920 iu
367 858 485 920 Christo
502 857 566 918 Filii
588 858 688 919 Nostri
704 857 886 938 jampridem
902 857 995 919 Nobis
1017 864 1063 918 tot
1080 858 1243 924 verissimis
1265 862 1384 928 iudiciis

226 965 413 1025 declaratum
428 963 575 1037 animum,
589 960 668 1021 illius
681 958 872 1038 religionem,
890 957 1046 1037 pietatem,
1060 956 1152 1019 iidem
1163 977 1234 1021 eum
1245 961 1383 1042 singula-

226 1061 309 1121 ribus
322 1062 394 1138 suis,
408 1077 591 1140 suorumque
600 1058 748 1135 blajorum
759 1101 767 1133 ,
780 1055 932 1135 totiusque
943 1054 1041 1134 Regiae
1053 1057 1167 1118 Domm
1175 1057 1207 1119 in
1218 1054 1299 1123 bane
1308 1079 1384 1124 san-

225 1171 307 1224 ctam
321 1162 428 1224 Sedern
442 1161 547 1224 studiis
556 1161 762 1238 coniunctam.

267 1261 325 1321 Sed
347 1275 521 1341 quanquam
541 1259 571 1318 in
595 1258 658 1317 luae
678 1255 830 1315 intuentes
848 1252 979 1332 optimos
993 1270 1095 1313 rerum
1104 1254 1242 1316 omnium
1256 1265 1383 1321 evenus

223 1360 287 1437 jam
308 1367 373 1420 tum
395 1356 576 1437 cogitatione
589 1353 834 1435 preciperemus,
849 1358 951 1412 tamen
966 1349 1057 1410 allato
1079 1367 1175 1430 nuper
1198 1353 1384 1417 ebusitanis

226 1457 411 1518 faustissime
424 1453 536 1515 nuncio
550 1460 613 1513 tam
628 1449 772 1511 inusitata
783 1466 821 1509 ac
835 1453 898 1508 tam
921 1444 1089 1507 incredibili
1099 1446 1291 1524 jucunditate
1306 1468 1381 1530 pea-

225 1556 283 1616 lusi
298 1571 418 1629 sumne,
434 1559 468 1612 ut
484 1551 508 1611 si
522 1568 614 1627 nova,
630 1566 666 1609 ac
685 1547 872 1626 inexpectata
890 1542 948 1603 ista
956 1540 1049 1603 Nobis
1065 1542 1260 1622 accidissent,
1277 1547 1381 1625 majo-

228 1668 292 1711 rem
307 1667 413 1730 capere
428 1647 534 1708 latitia
549 1645 680 1706 lructum
692 1660 753 1703 non
771 1640 992 1722 potuissemus,
1008 1638 1059 1699 illo
1075 1640 1317 1720 auspicatissimo
1331 1642 1382 1705 dic

227 1748 345 1808 nullum
359 1763 493 1825 unquam
514 1737 607 1804 Nobis
624 1759 722 1820 neque
731 1738 945 1818 jucundiorem
963 1737 1113 1815 illuxisse,
1126 1756 1224 1818 neque
1236 1739 1382 1803 laetiorem

226 1844 319 1904 diem.
345 1844 412 1903 Uno
432 1840 598 1920 codemque
618 1846 755 1918 tempora
779 1836 1017 1898 observabantur
1040 1837 1142 1898 animo
1162 1837 1350 1901 haecomnia
1372 1865 1380 1902 :

226 1938 333 2016 optimi
348 1937 440 2016 Regis
458 1936 568 1998 eximia
592 1953 628 1996 ac
641 1933 800 2014 singularis
814 1933 926 2010 virtus,
952 1932 1014 1995 boc
1027 1933 1270 2012 praestantissimo
1286 1954 1382 2016 opere

228 2037 236 2096 i
266 2055 371 2097 mensa
385 2034 423 2096 ad
436 2033 637 2095 immortalem
648 2032 715 2110 ejus
724 2029 854 2093 nominis
867 2027 995 2110 gloriam
1010 2029 1090 2091 faeta
1101 2031 1253 2110 accessio,
1268 2033 1382 2097 Eccle-

224 2134 273 2195 sia.
287 2133 410 2208 utilitas,
428 2130 606 2211 Apostolicae
617 2125 702 2191 Sedis
712 2128 860 2208 dignitas,
871 2127 1008 2189 omniurn
1023 2126 1173 2189 bonorum
1185 2129 1325 2208 plausus,
1344 2150 1381 2194 ac

224 2235 254 2294 in
268 2235 330 2294 Vos
349 2231 541 2313 potissimum
560 2247 680 2291 summa
692 2228 760 2290 inde
778 2226 985 2289 redundatura
998 2227 1110 2289 latitia.
1123 2229 1194 2302 Qus
1207 2229 1326 2309 singula
1335 2233 1381 2294 in·

223 2337 344 2409 gentem
350 2326 547 2405 iucunditatis
561 2344 686 2387 eausam
702 2322 885 2401 afferebant,
898 2325 1037 2386 universa
1047 2325 1158 2387 summi
1167 2324 1269 2405 gaudii
1282 2331 1377 2391 nostri

225 2421 462 2501 magnitudinem
476 2420 587 2481 mirum
604 2421 635 2481 in
645 2420 771 2481 modum
783 2420 991 2481 cumulabant.

265 2519 357 2596 Cujus
374 2518 464 2596 igitur
484 2517 647 2597 sapientia,
663 2517 822 2596 religione,
841 2524 931 2596 atque
951 2535 1023 2597 erga
1040 2518 1101 2578 Nos
1116 2517 1230 2597 pietate
1252 2519 1316 2583 boc
1330 2529 1378 2583 eat

223 2615 395 2676 animorum
406 2616 436 2675 in
447 2617 508 2676 Nos
523 2613 658 2695 prolecta
668 2615 840 2693 jucunditas
852 2659 860 2691 ,
872 2623 986 2695 quanta
1004 2615 1174 2694 alacritate,
1188 2636 1251 2698 qua
1261 2621 1376 2683 mentis

224 2711 416 2772 contentione
436 2709 537 2771 danda
556 2730 575 2771 a
593 2710 685 2772 Nobis
701 2710 758 2772 erit
772 2728 886 2792 opera,
903 2719 937 2773 ut
949 2712 1047 2774 eidem
1065 2714 1127 2773 Nos
1147 2731 1321 2793 memores,
1343 2727 1377 2780 ut

222 2809 432 2888 gratissimos,
448 2816 481 2870 ut
494 2808 572 2870 illius
591 2808 757 2886 felicitatis,
777 2828 813 2871 ac
832 2810 933 2890 gloria
944 2811 1153 2893 cupidissimos
1168 2812 1376 2879 declarescant

221 2894 292 2984 Qua¹
306 2909 457 2987 caritatiS,
475 2915 565 2990 atque
583 2910 694 2971 amoris
708 2909 818 2987 studia,
833 2928 900 2990 que
911 2908 1027 2986 laudis,
1040 2911 1176 2987 honoris,
1191 2915 1377 2993 atqueeais-

223 3007 389 3069 rimationis
401 3013 579 3069 ornamenta
590 3005 621 3067 in
630 3006 759 3069 eundern
768 3016 856 3069 erunt
864 3007 1058 3083 conterenda,
1066 3025 1156 3087 quem
1165 3007 1372 3087 gloriosissimi

223 3107 440 3188 clarissimique
462 3106 535 3168 lacti
557 3110 712 3167 auctorem
730 3121 796 3166 esse
815 3104 1026 3184 agnoscimus?
1051 3104 1110 3164 Sed
1131 3104 1161 3165 in
1182 3121 1375 3169 commutac-

221 3208 455 3286 randisegregiis
467 3206 546 3267 illius
557 3205 595 3265 dc
606 3203 699 3265 Nobis
710 3202 825 3264 meritis
834 3201 958 3263 minime
968 3209 1038 3262 sunt
1048 3201 1087 3262 ab
1098 3199 1163 3280 ipso
1170 3201 1375 3282 dejungcrda

222 3303 387 3364 carissima
400 3303 430 3363 in
445 3302 562 3363 Christo
576 3301 655 3362 Filia
673 3302 788 3362 Nostra
800 3300 900 3362 Maria
922 3304 1015 3362 Anna
1032 3301 1170 3362 Victoria
1193 3301 1270 3364 illius
1290 3320 1374 3384 prae-

223 3398 414 3462 stantissimas
428 3398 607 3478 optimaque
618 3398 758 3478 Coniugis
771 3398 890 3477 Regina
903 3398 1093 3460 Fidelissima
1104 3398 1220 3460 laudes.
1230 3399 1307 3461 Cum
1318 3401 1373 3463 illa

215 3495 364 3558 'eximiam
377 3494 466 3575 Regis
477 3495 618 3555 aemulata
629 3495 814 3556 voluntatem
829 3493 1031 3574 singularibus
1041 3497 1149 3558 studiis
1162 3497 1321 3575 exercuit,
1335 3508 1372 3560 ut

218 3594 260 3656 de
272 3593 379 3672 Nobis,
397 3612 432 3655 ae
452 3591 491 3654 de
504 3591 638 3653 Ecclesia
655 3592 793 3653 universa
810 3592 1037 3672 praeclarissime
1051 3602 1230 3672 mereretur,
1251 3612 1370 3675 niaque

220 3692 250 3752 in
267 3693 329 3753 Nos
338 3690 529 3773 pietatisboc
540 3689 688 3772 precipue
698 3697 834 3770 tempore
843 3691 1004 3753 illustriora
1012 3700 1210 3754 monumenta
1222 3695 1369 3774 posuerit,

215 3787 348 3848 'summis
365 3787 488 3850 aNobis
506 3793 552 3849 est
566 3793 596 3847 et
610 3784 830 3848 immortalibus
841 3785 1138 3848 commendationum
1157 3794 1189 3848 et
1204 3784 1371 3867 gratiarum

222 3881 390 3943 actionibus
401 3883 583 3945 exornanda.
598 3883 665 3944 Pari
679 3891 823 3965 praterea
834 3883 935 3944 animo
944 3882 975 3943 in
985 3900 1107 3944 omnem
1121 3882 1246 3962 Regiam
1256 3882 1369 3945 Nobis—

220 3997 278 4059 que
293 3977 516 4039 dilectissimam
530 3980 660 4041 Domum
674 3979 798 4042 affectos
809 3980 945 4040 Nosesse
956 3986 1090 4059 oportet3
1101 3978 1188 4055 cujus
1199 3977 1238 4038 ad
1251 3984 1372 4040 veteres

219 4077 420 4155 precellentes
435 4076 561 4138 virtutes
578 4077 725 4139 accedunt
739 4077 808 4139 inde
822 4095 901 4139 nova
913 4095 995 4139 nune
1006 4096 1042 4139 ac
1055 4078 1187 4140 maxima
1205 4075 1325 4155 εἰσίω,
1338 4087 1372 4141 et

220 4173 250 4231 in
262 4174 323 4234 Nos
335 4172 512 4234 meritorum
529 4173 724 4234 incrementa.
740 4175 809 4247 Quae
826 4192 898 4235 vero
916 4191 946 4234 er
959 4183 1073 4252 quanta
1085 4171 1251 4236 essedebet
1262 4178 1371 4233 nostra
1451 4217 1456 4228 .

219 4268 309 4329 etiam
319 4270 356 4332 de
368 4270 477 4332 dilecto
491 4271 565 4331 Filio
585 4271 677 4332 nobili
694 4271 759 4331 viro
770 4272 885 4333 Comite
907 4273 945 4335 de
959 4277 1070 4354 Ocyras
1088 4272 1262 4336 Fidelissimi
1276 4273 1370 4353 Regis

217 4367 377 4428 secretario
395 4371 497 4431 Status
515 4369 656 4446 laudum,
678 4376 768 4449 atque
782 4371 932 4433 bonorum
944 4375 1136 4454 pradicatio?
1152 4376 1369 4455 cujuspiam

218 4468 339 4522 caeteras
352 4466 628 4527 commendationes
638 4484 716 4527 nunc
731 4469 993 4532 maximeillustria
1004 4489 1091 4550 ergas
1100 4474 1161 4533 Nos
1172 4471 1262 4534 studii
1275 4479 1367 4551 atque
