3194 5354
484 471 659 525 Epistola]
680 472 724 524 ΕΤ
743 473 878 526 bubula
896 472 1128 529 senecttotta.
1328 481 1375 531 tlt

716 633 889 703 CXXVlll.

466 790 683 834 nannentssnto
705 791 738 833 ln
761 791 892 835 CHRlSTO
915 792 1003 836 tinto
1025 792 1142 836 nosnuo

399 897 520 956 PETRO
543 898 758 970 LEOPOLDO,
781 899 994 960 ARCHlDUCI
1015 900 1212 972 AUSTlssAE,

466 1012 502 1057 er
518 1013 666 1060 arnume·
680 1013 743 1061 srar
758 1014 920 1062 sumacrrn
935 1015 1045 1063 naono
1061 1016 1147 1076 ouer,

541 1109 774 1188 CLEMENS
801 1112 930 1189 PAPA
956 1112 1064 1189 XIV.

885 1276 888 1282 ·
971 1264 1066 1322 Roma,
1078 1269 1108 1312 20
1121 1263 1232 1312 februarii
1247 1265 1314 1313 1771.

271 1365 486 1434 dilectissime,
502 1369 556 1424 etc.
571 1365 704 1426 Allatum
718 1366 809 1429 Nobis
826 1373 872 1429 est
890 1367 1118 1447 Rempublicam
1139 1367 1321 1445 Ragusinam
1343 1369 1375 1430 in

229 1461 413 1523 niaximisob
422 1461 636 1543 bellurn,quod
645 1462 721 1525 inter
731 1466 998 1526 RussosetTurcas
1006 1464 1129 1542 geritur,
1138 1465 1247 1525 versari
1257 1465 1383 1545 pericu-⁴

229 1561 275 1638 lis,
286 1563 410 1642 jamque
420 1564 532 1646 Russos
545 1561 636 1623 duces
653 1562 783 1641 plurima
792 1562 890 1623 eidem
900 1561 974 1622 Mari
985 1560 1118 1621 intulisse
1130 1559 1252 1638 danma,
1266 1563 1376 1624 multo-

228 1675 286 1736 que
299 1659 389 1720 etiam
401 1660 516 1738 majora
527 1658 662 1721 illaturos
676 1659 794 1720 minari.
809 1658 878 1719 lrati
895 1659 935 1719 illi
947 1658 1059 1720 idcirco
1070 1656 1196 1719 tortasse
1210 1665 1279 1719 sunt
1291 1659 1375 1739 quod

229 1754 268 1815 ab
277 1756 383 1818 eadem
390 1759 504 1818 Turcas
516 1758 635 1835 adiutos
644 1757 734 1819 luisse
744 1757 942 1837 suspicentur.
956 1756 1066 1837 htipsa
1074 1757 1173 1818 neutri
1183 1757 1261 1837 parti
1274 1757 1374 1819 adhae-

228 1855 300 1917 sisse
312 1875 343 1917 se
358 1876 500 1932 noscens,
524 1875 599 1937 paee
622 1855 678 1917 lrui
701 1875 752 1933 se,
772 1861 806 1917 ut
822 1861 936 1918 caterae
954 1854 1090 1915 nationes
1104 1853 1304 1915 existimabat.
1330 1858 1374 1916 Ea

227 1971 298 2014 vero
315 1960 437 2032 repente
455 1952 535 2015 lacta
549 1951 777 2014 denunciatione
790 1951 832 2013 ita
843 1951 958 2026 territa,
972 1958 1002 2012 et
1013 1957 1203 2011 consternata
1215 1957 1278 2021 est,
1294 1958 1327 2012 ut
1342 1970 1373 2011 se

226 2067 335 2128 pamm
350 2048 458 2110 distare
473 2050 511 2110 ab
523 2048 643 2109 interitu
659 2054 764 2128 putet,
784 2048 840 2110 nisi
859 2048 959 2128 aliqua
972 2047 1182 2123 excusatione,
1199 2064 1233 2107 ac
1248 2065 1372 2126 precum

225 2145 361 2221 ratione,
375 2144 505 2205 irritatos
516 2150 622 2206 contra
637 2163 669 2206 se
691 2143 807 2206 animos
828 2144 920 2205 lenire
940 2143 1043 2225 possit.
1066 2146 1157 2221 Legat
1173 2142 1284 2204 idcirco
1296 2142 1373 2204 duos

226 2242 265 2303 de
288 2243 435 2304 senatorio
459 2243 563 2304 ordine
586 2243 682 2319 viros,
706 2243 758 2322 qui
788 2242 964 2324 propediem
986 2242 1085 2302 isthuc
1104 2240 1259 2301 adventuri
1284 2248 1371 2317 sunt,

225 2345 330 2419 teque,
343 2340 531 2402 dilectissime
553 2340 584 2401 in
605 2340 722 2402 Christo
737 2340 778 2400 tili
803 2347 915 2418 noster,
933 2339 1034 2401 statim
1057 2337 1163 2400 adituri
1186 2357 1246 2399 suae
1264 2338 1373 2418 Reipu-

224 2436 310 2499 blicae
321 2438 441 2499 nomine
452 2484 460 2514 ,
473 2444 615 2519 tuamque
627 2457 688 2499 suae
705 2456 807 2499 causa.
815 2456 915 2519 opem,
932 2437 1156 2513 auctoritatem,
1171 2436 1372 2516 patrocinium

224 2536 385 2616 precaturi.
395 2537 596 2597 Vehementer
611 2536 651 2597 illi
664 2537 694 2597 in
704 2535 814 2617 pietate
824 2543 894 2614 tua,
908 2556 944 2598 ac
953 2542 1110 2617 perspecta
1123 2534 1214 2596 animi
1224 2533 1372 2614 magnitu-

224 2633 295 2695 dine
307 2633 480 2710 confidunt,
497 2633 612 2713 sibique
633 2633 816 2713 persuadent
835 2633 897 2695 lore
917 2641 951 2694 ut
963 2652 1029 2713 quae
1048 2651 1166 2713 semper
1185 2633 1215 2691 in
1230 2633 1371 2712 Augustis
1401 2692 1403 2696 .

223 2732 388 2809 Maioribus
399 2733 460 2794 suis
473 2733 639 2794 certissima
653 2733 714 2794 suis
728 2735 820 2795 rebus
836 2732 1007 2795 habuerunt
1025 2731 1182 2812 praesidia,
1195 2731 1300 2793 eadem
1312 2733 1371 2794 hoc

223 2848 345 2892 summo
360 2848 415 2892 suo
428 2839 563 2911 tompore
579 2832 617 2891 ab
631 2831 829 2906 humanitate,
841 2830 1058 2909 clementiaque
1068 2836 1121 2889 tua
1135 2828 1193 2888 sint
1208 2831 1368 2908 recepturi.

223 2929 284 2989 Nos
299 2932 379 2987 certe
392 2926 564 3004 huiusmodi
579 2944 684 2988 eornm
705 2927 743 2987 ad
764 2934 793 2987 te
816 2925 1006 3005 confugiendi
1029 2924 1188 2986 consilium
1202 2925 1244 2985 ita
1255 2927 1370 3004 proba-

222 3041 309 3097 mus,
323 3027 356 3081 ut
368 3027 486 3083 nostras
500 3023 591 3083 etiam
603 3029 746 3101 paternas
760 3040 812 3083 eos
825 3039 929 3082 coram
944 3027 974 3081 te
992 3020 1223 3081 commiserandi
1235 3067 1242 3094 ‚
1256 3022 1370 3102 tibique

222 3117 453 3180 commendandi
467 3126 567 3199 partes
579 3137 698 3180 summo
709 3118 809 3181 studio
820 3118 982 3198 suscipere,
993 3123 1082 3198 atque
1092 3135 1179 3196 agere
1189 3122 1366 3181 statuamus.

221 3219 331 3278 Nostro
345 3217 406 3277 Nos
420 3215 587 3277 videremus
600 3216 693 3278 Nobis
707 3216 809 3278 deesse
829 3215 962 3293 muneri,
975 3215 999 3276 si
1011 3234 1067 3296 pro
1078 3214 1232 3277 Catholica
1249 3215 1300 3277 illa
1311 3236 1369 3280 na-

222 3315 321 3392 tione,
337 3313 367 3374 in
379 3331 471 3395 quam
484 3332 634 3394 propenso
647 3314 747 3375 animo
761 3331 825 3374 esse
835 3312 1002 3386 debemus,
1018 3319 1048 3374 et
1066 3331 1171 3373 sumus
1187 3313 1225 3374 ab
1240 3314 1367 3393 excidio,

223 3418 313 3492 atque
327 3410 448 3471 interitu
463 3409 643 3471 vindicanda
654 3428 743 3491 opem
762 3418 847 3471 tuam
858 3408 988 3470 tidenter
1006 3409 1195 3491 interpellare
1207 3429 1243 3472 ac
1262 3431 1368 3493 rogare

222 3517 443 3583 cunctaremur;
458 3507 601 3570 Prodesse
620 3508 676 3569 illis
695 3508 831 3589 prolecto
843 3507 929 3569 facile
945 3514 1050 3588 potes,
1065 3508 1090 3569 si
1101 3508 1180 3589 apud
1193 3529 1367 3591 supremum

222 3607 336 3671 Russiae
353 3606 455 3669 classis
467 3604 624 3668 ductorem
636 3607 688 3687 qui
700 3607 788 3668 isthic
802 3606 834 3668 in
848 3605 981 3666 hibernis
996 3612 1060 3682 est,
1076 3605 1189 3686 tibique
1201 3608 1366 3688 plurimum

222 3706 326 3784 debet,
342 3704 463 3787 aliquod
473 3704 627 3785 poscueris
644 3723 715 3785 erga
729 3723 782 3766 eos
794 3702 884 3766 studii
897 3705 957 3781 tui,
970 3711 1000 3764 et
1013 3704 1283 3767 commendationis
1296 3707 1368 3769 olii-

222 3803 316 3880 cium,
327 3804 427 3884 illique
436 3801 597 3865 ostendens
606 3804 704 3865 salvos
714 3822 766 3865 eos
781 3823 846 3866 esse
857 3810 888 3865 te
897 3821 1020 3884 cupere,
1031 3821 1086 3864 nec
1099 3802 1236 3883 indignos
1247 3811 1365 3886 putare,

222 3901 471 3983 quibuspacatis,
489 3908 520 3963 et
539 3901 649 3982 quietis
663 3920 728 3965 esse
746 3903 845 3964 liceat.
868 3901 947 3963 Nihil
971 3900 1041 3982 ipsis
1054 3899 1114 3962 hoc
1133 3901 1238 3980 gratiae
1250 3907 1324 3979 tuae,
1337 3911 1368 3964 et

222 3998 413 4080 benignitatis
432 4000 634 4062 declaratione
652 4001 785 4081 optatius
800 4019 865 4064 esse
875 4048 884 4080 ‚
910 4008 1000 4082 atque
1021 4000 1221 4083 opportunius
1238 4001 1365 4082 poterit,

222 4097 296 4159 nihil
312 4095 395 4177 quod
410 4097 533 4176 periculi
551 4098 730 4179 gravitatem
748 4107 801 4162 aut
819 4105 900 4162 certe
921 4099 1054 4177 minuat,
1068 4100 1223 4161 autetiam
1244 4116 1366 4178 prorsus
1407 4138 1410 4143 ·

223 4199 348 4254 avertat.
362 4191 422 4254 Sed
435 4211 502 4273 quae
517 4194 616 4275 aptior
633 4196 672 4257 sit
692 4196 817 4275 hujusce
831 4196 874 4258 rei
888 4194 1106 4278 consequendae
1124 4194 1202 4256 ratio
1210 4238 1218 4270 ,
1235 4193 1299 4275 ipse
1310 4213 1366 4277 pro

224 4296 278 4347 tna
293 4287 440 4368 sapientia
454 4289 571 4353 facilius
585 4292 616 4353 in
628 4312 662 4354 re
673 4295 809 4375 praesenti
824 4295 991 4376 intelliges,
1006 4313 1075 4357 cum
1090 4312 1126 4354 ex
1147 4293 1266 4354 illorum
1279 4295 1366 4375 lega-

222 4391 323 4444 torum
337 4384 477 4465 precibus
496 4389 561 4467 ejus
579 4388 760 4470 Reipublicae
772 4398 885 4453 statum
906 4391 1099 4471 cognoveris,
1111 4407 1180 4450 eam
1196 4397 1297 4452 autem
1313 4410 1366 4453 ra-

222 4482 337 4544 tionem
360 4481 554 4548 adhiberent
579 4488 652 4549 velis
674 4496 848 4569 perspectus
871 4489 964 4550 Nobis
983 4487 1099 4549 animus
1118 4495 1188 4552 tuus
1201 4488 1365 4552 certissime
