3194 5354
406 460 582 516 unsrorm
601 460 646 513 ur
665 459 800 514 nnuma
818 458 1040 516 sarnanum
1247 462 1294 512 271
1421 425 1425 433 “

666 638 784 709 DCXL.

385 794 603 838 Dlfflisssssfflo
626 795 660 837 lli
683 794 818 837 CHRISTO
840 793 927 836 ΗΜΘ
947 792 1067 837 nomo

292 892 544 954 maurusium
565 850 686 956 auom
706 891 978 955 ursmmnnou
998 891 1157 953 rursum

471 1005 708 1090 CLEMENS
725 1007 854 1089 ΡΑΡΑ
866 1005 973 1085 XIV.

873 1156 975 1215 uu,
986 1159 1003 1203 s
1015 1152 1150 1204 mm
1164 1157 1232 1206 177³.

189 1257 413 1334 Dilectissimo,
437 1264 494 1322 ete.
516 1253 725 1317 Incredibilem
738 1263 814 1315 me
830 1251 963 1314 letitiam
976 1251 1112 1333 sepimus
1131 1270 1168 1314 ex
1187 1269 1295 1314 aman-

150 1353 271 1415 tissimis
288 1353 393 1414 litteris
404 1352 482 1430 luis,
503 1351 649 1432 omnique
659 1349 693 1411 in
708 1349 901 1426 Nosamoris,
922 1349 1056 1429 pietatis,
1072 1367 1108 1410 ae
1121 1347 1218 1410 filialis
1235 1349 1295 1409 ob-

147 1448 302 1510 servantia
315 1448 533 1528 significatione
541 1445 731 1529 pmnm.
743 1447 819 1508 Cum
830 1452 860 1508 ta
870 1462 991 1526 semper
1003 1445 1128 1508 miridee
1142 1463 1178 1506 ae
1188 1445 1294 1524 singu-

148 1543 249 1604 lariter
266 1543 480 1620 dilexerim,
498 1549 627 1624 tuamne
643 1560 692 1605 res
714 1559 820 1605 omues
833 1541 958 1623 perinde
972 1559 1008 1602 ao
1028 1547 1145 1602 nostras
1166 1547 1294 1621 paterno

150 1655 268 1701 summo
276 1640 379 1704 studia
389 1640 567 1722 prosequuti
576 1657 698 1713 sumus,
708 1638 782 1700 nihil
792 1637 931 1719 proleoto
941 1636 1076 1699 aeoidere
1086 1636 1179 1699 Nobis
1187 1637 1294 1715 jueuu-

108 1762 112 1770 ·
147 1733 247 1798 dinsa
265 1735 531 1818 tepotuit‚qranr
550 1736 876 1816 hujusmodiamoriin
892 1741 1294 1798 tenostroeamnunoate

146 1831 231 1894 reddi
244 1832 356 1913 rieem,
368 1853 429 1916 qua
439 1833 612 1901 eximiatua
623 1836 655 1899 in
665 1837 727 1899 llos
738 1836 877 1897 voluutas
887 1833 1031 1914 preclare
1043 1831 1199 1913 perqaieue
1208 1849 1293 1893 eone

146 1937 336 2012 tarepomet.
355 1931 576 2014 Plurimasepe
592 1932 818 2014 clarissimaque
829 1931 867 1994 ad
885 1931 947 1992 Nos
964 1929 1100 2009 ejusdam
1117 1929 1161 1990 tui
1180 1928 1211 1989 in
1231 1931 1293 1990 Nos

147 2026 238 2090 mimi
252 2028 352 2090 delata
365 2036 436 2092 sunt
453 2030 580 2107 indicia,
594 2030 704 2110 quibus
715 2030 812 2111 magu
825 2029 855 2091 in
867 2028 931 2090 dies
941 2027 980 2089 ad
996 2043 1131 2089 amorem
1142 2027 1201 2103 tui,
1216 2033 1293 2090 tum-

146 2139 205 2201 que
223 2122 342 2203 pietatis
363 2142 399 2186 ao
413 2125 563 2205 religionis
576 2126 697 2188 laudem
713 2125 957 2187 accenderemus.
970 2123 1068 2185 Dilata
1079 2123 1170 2183 etiam
1183 2129 1293 2183 nostrae

148 2219 187 2279 ad
201 2225 230 2279 te
245 2217 374 2281 invicem
392 2221 559 2301 gaudemus
574 2221 689 2284 eximie
704 2221 838 2283 caritatis
857 2220 1046 2297 testimonia,
1059 2220 1106 2282 vel
1123 2237 1194 2280 cum
1213 2219 1292 2280 filius

147 2314 200 2375 tibi
223 2315 253 2376 in
269 2321 355 2378 tauta
367 2319 464 2381 Domo
475 2325 597 2380 tuarum
611 2317 755 2382 virtutum
775 2317 895 2380 iuturus
913 2317 1009 2378 hares
1026 2322 1115 2377 natus
1131 2321 1226 2393 esset,
1245 2318 1290 2377 vel

146 2430 216 2473 oum
230 2408 452 2494 depositmesse
461 2416 629 2478 simultates
638 2435 744 2479 omnes
754 2423 843 2498 teque
854 2415 886 2477 in
894 2414 1177 2496 gloriosissimorum
1187 2433 1291 2494 regum

110 2545 117 2571 s
146 2510 193 2572 avi
210 2527 247 2574 ae
261 2513 360 2594 patrui
367 2559 377 2592 ‚
387 2522 547 2596 pareutum
560 2531 644 2595 pene
655 2520 796 2593 tuorum,
809 2513 938 2596 gratiam
948 2518 1103 2594 receptum
1114 2512 1203 2575 luisse
1217 2532 1292 2595 pro-

146 2607 212 2670 lixis
223 2608 262 2670 ad
281 2627 334 2672 eos
346 2610 466 2692 seriptis
475 2608 598 2689 litteris,
610 2609 715 2692 tuique
731 2608 956 2673 studiosissime
970 2608 1202 2688 gratularemur.
1222 2610 1292 2684 Qua
1398 2676 1400 2681 .

144 2724 215 2768 eum
231 2706 285 2769 tibi
303 2714 412 2771 nostra
424 2707 454 2770 in
466 2715 497 2772 te
507 2708 719 2775 benevolentia
731 2707 908 2792 magnitudo
920 2711 1078 2788 perspecta
1097 2705 1203 2784 luerit,
1220 2724 1290 2769 eum

144 2803 245 2866 inNos
257 2824 294 2866 ao
308 2806 450 2867 Sanctam
469 2805 549 2867 hanc
560 2805 668 2868 sedem
689 2805 833 2867 accedere
847 2803 968 2886 pietatis
987 2809 1045 2865 tue
1057 2804 1214 2865 cumulum
1234 2822 1291 2867 vo-

148 2896 243 2979 luisti,
267 2908 302 2962 ut
318 2901 485 2983 quidquam
505 2901 705 2983 opportunius
721 2901 874 2981 Nobisqua
894 2900 1048 2980 aooeptius
1068 2918 1108 2961 ne
1127 2901 1289 2980 excogitari

143 2996 266 3077 quidem
286 2997 430 3078 patuerit.
448 3000 640 3078 interponere
658 3004 689 3058 te
708 2997 814 3058 scribis
832 2995 913 3078 apud
935 2995 1058 3057 eosdem
1072 2996 1241 3059 omuumos
1259 3000 1289 3060 in

144 3093 261 3155 Christo
274 3093 351 3155 filios
364 3101 484 3159 nostum
498 3111 600 3170 avum,
608 3112 758 3175 proavum
768 3101 802 3156 et
811 3096 980 3176 putmelem
991 3100 1090 3170 tumn,
1105 3097 1290 3175 prestantis-

144 3191 237 3252 simos
255 3209 339 3271 reges
354 3190 484 3272 plurima
502 3197 592 3272 atque
610 3190 722 3254 eximia
738 3190 853 3270 officia,
868 3199 903 3254 ut
916 3191 1114 3255 oflensiomm
1132 3193 1288 3274 omnium,

143 3309 209 3371 que
227 3297 299 3352 ante
318 3296 456 3352 nostmm
478 3289 689 3372 pmufloatum
714 3289 899 3369 inciderunt,
920 3306 1106 3370 quemquam
1123 3308 1161 3351 ex
1182 3291 1290 3354 animis

143 3388 266 3450 sublata
279 3405 322 3450 aa
333 3389 458 3455 omuino
475 3389 535 3452 sint
548 3390 681 3472 reliquie
691 3390 783 3452 etiam
793 3408 900 3453 omnes
912 3397 945 3452 et
961 3389 1088 3470 vestigia
1100 3390 1288 3471 tollerentur,

143 3485 330 3568 ditioresque
338 3486 464 3568 proinde
474 3487 646 3567 Averrionis,
657 3488 830 3566 Beneventi,
840 3488 981 3551 etPoutis
987 3487 1073 3549 Corvi
1083 3487 1121 3549 ad
1132 3488 1288 3569 pristinam

143 3583 402 3661 ejudssrsmota
411 3583 497 3648 Sedis
509 3585 731 3667 possessionem
740 3585 883 3647 redirent.
894 3585 1023 3663 Maiores
1031 3583 1155 3663 quidem
1165 3602 1202 3645 ao
1217 3585 1289 3646 ube-

144 3681 236 3744 riores
244 3701 346 3746 cause
355 3728 363 3761 ,
373 3701 428 3745 eur
439 3683 624 3749 immortales
637 3684 691 3746 tibi
702 3683 1008 3764 gratissumum,
1020 3683 1108 3746 nulla
1117 3683 1209 3747 Nobis
1223 3703 1288 3747 esse

145 3788 279 3859 possunt.
294 3782 438 3843 eraque
447 3781 584 3864 profesto
597 3783 693 3860 nosti,
713 3789 829 3864 quanto
841 3783 903 3845 Nos
915 3782 998 3864 paois
1009 3788 1042 3844 et
1054 3781 1221 3844 eoncordia
1237 3782 1299 3845 de·

143 3876 251 3940 siderio
265 3887 432 3959 teneamur,
447 3881 612 3961 prasertim
623 3900 694 3944 cum
710 3882 865 3944 Borbonia
882 3885 995 3945 Domm
1007 3882 1196 3964 amplissimis
1208 3886 1287 3964 ragi-

143 3978 215 4057 bus,
225 3997 355 4059 querum
366 3999 486 4042 summa
495 3980 526 4066 in
536 3982 609 4058 Nos,
622 3981 652 4042 in
664 3980 743 4041 hano
753 3980 835 4042 Beati
851 3981 930 4042 Petri
941 3980 1132 4059 Gathedram,
1144 3980 1174 4042 in
1186 3981 1287 4042 Eoole·

143 4078 217 4138 sium
231 4077 400 4139 universam
411 4079 519 4141 merita
530 4080 693 4141 extiterunt
701 4122 710 4156 ‚
725 4096 822 4158 neque
830 4078 894 4157 jam
910 4077 1003 4140 Nobis
1018 4078 1078 4139 ulla
1092 4079 1188 4138 inesse
1199 4074 1287 4136 dubi·

144 4176 217 4237 tatio
233 4182 367 4258 poterat,
381 4177 454 4261 quin
475 4178 532 4259 ipsi
548 4197 604 4260 pro
624 4196 730 4241 eorum
744 4177 887 4258 religione
907 4197 943 4239 ac
961 4176 1105 4258 sapientia
1116 4174 1158 4235 illi
1179 4180 1287 4236 nostru

144 4275 307 4352 apostolico
326 4275 443 4335 muneri
459 4277 647 4340 oomenienti
662 4275 883 4352 eonsensionis‚
898 4282 928 4335 et
942 4272 1110 4335 coneordiae
1129 4270 1286 4352 cupiditati

144 4387 198 4428 suo
220 4377 321 4438 essent
350 4370 469 4449 studio,
498 4391 589 4453 opera
612 4374 763 4456 animique
785 4371 988 4452 magnitudine
1010 4370 1194 4450 responsuri.
1226 4370 1285 4432 Sed

144 4485 223 4527 nune
231 4512 239 4542 ,
247 4465 440 4528 dilectissime
451 4466 481 4528 in
489 4470 606 4531 Christo
618 4471 658 4532 lili
668 4477 782 4540 nostru,
794 4475 878 4530 tanto
887 4466 998 4527 certius
1011 4466 1041 4528 in
1053 4467 1286 4547 pulcherrimam
