3194 5354
323 524 378 580 aar
654 503 660 513 “
756 519 960 574 ειιιιιιιιε
980 516 1043 574 uu·
1096 543 1100 557 ·

322 620 446 694 suatide
461 627 683 710 perscripturus
694 632 751 703 est,
767 624 916 687 voluimus
931 632 1033 686 tamen
1043 626 1166 707 Nosrpsr
1180 633 1281 688 tecum
1294 646 1349 710 per
1363 629 1478 691 litteren

320 744 462 810 peragere
473 725 530 788 has
542 732 654 807 partes,
669 742 745 805 quas
759 731 792 784 ut
801 723 1015 785 cumulationes
1026 723 1141 805 tibique
1152 724 1300 804 gratiores
1312 725 1475 789 iaciamus.

320 827 416 887 Deum
435 823 590 905 Optimum
606 821 772 883 Maximum
785 819 871 881 enixe
890 839 1061 901 precamur,
1084 828 1117 881 ut
1130 821 1299 885 caelestibus
1322 824 1478 888 beneflciis

320 928 469 1004 perpetuo
488 929 587 983 ratam
604 922 666 1001 ipse
680 917 755 980 laxit
767 919 964 1000 apostolicam
979 918 1334 1001 benedictionem,quam
1350 923 1417 1000 tibi,
1432 923 1478 985 di·

319 1019 482 1083 lectissime
493 1019 523 1080 in
542 1017 659 1080 Christo
673 1016 714 1079 flli
729 1024 841 1093 noster,
853 1022 971 1097 tuaeque
990 1015 1141 1077 electorali
1164 1017 1272 1079 Domui
1296 1018 1406 1082 intimo
1419 1040 1478 1102 pa-

320 1118 396 1180 terni
418 1117 519 1180 cordis
531 1116 641 1179 ellectu
660 1110 865 1178 amantissime
887 1114 1087 1196 impertimur.
1111 1116 1226 1176 nomm
1251 1118 1368 1189 Romae,
1394 1123 1479 1199 apud

318 1219 465 1279 Sanctam
476 1217 607 1276 Mariam
618 1208 772 1293 Mqiorem,
781 1211 962 1277 modenule
970 1217 1146 1285 Piscatores,
1154 1216 1204 1276 dic
1216 1224 1251 1277 ts
1261 1218 1370 1295 aprilis
1383 1229 1475 1295 tm,

317 1317 506 1394 pontificatus
521 1319 616 1377 nostri
625 1332 704 1375 anno
719 1320 833 1392 quintos

804 1435 987 1446 ...-.---

810 1539 976 1616 cccxlv.

656 1697 859 1745 sencrrsfflal
884 1702 1000 1744 nonin}
1024 1696 1133 1742 nosrta}

407 1788 641 1892 clausuris
667 1820 817 1890 orvrul
843 1817 1130 1889 rnovroauua
1155 1815 1279 1887 rnen
1306 1812 1379 1889 ιιι

731 1959 1050 2059 ALLOCUTIO,

352 2120 466 2170 llllBlTA
483 2121 516 2168 ΙΝ
532 2120 738 2168 constsronro
754 2119 908 2177 SECRETO,
925 2117 979 2166 Dlll
995 2115 1077 2165 xvlu
1094 2117 1217 2164 aenlurs
1234 2109 1431 2166 mccclxxlv.

360 2281 549 2341 Venerabiles
563 2282 696 2341 Fratres.
717 2281 888 2362 Antequam
911 2276 1157 2344 Christilidelibus
1182 2274 1330 2343 universis
1353 2283 1410 2344 rite
1429 2284 1472 2343 ina

316 2376 485 2439 diceremus
497 2377 765 2457 appropinquantis
773 2378 838 2456 jam
852 2379 921 2440 anni
932 2379 1029 2440 sancti
1036 2379 1205 2459 jubileum,
1214 2397 1307 2460 quem
1324 2381 1471 2446 execare

316 2475 366 2535 sic
380 2473 515 2535 instituto
525 2491 561 2534 ac
572 2490 657 2534 more
670 2475 855 2552 maiorumsi
866 2475 928 2536 vita
936 2474 1039 2537 divino
1051 2475 1196 2537 beneficio
1208 2474 1300 2536 Nobis
1315 2485 1468 2559 suppetet,

316 2567 494 2629 celebraturi
506 2585 623 2645 sumus,
633 2568 791 2630 consilium
801 2569 861 2632 hoc
870 2578 1009 2634 nostrum
1021 2571 1118 2650 vobis,
1131 2571 1326 2633 venerabiles
1339 2565 1470 2652 Fratres,

315 2667 417 2749 palam
436 2666 536 2728 lacere
548 2665 710 2744 voluimus,
726 2674 760 2727 ut
771 2685 807 2728 ea
818 2685 885 2747 quae
900 2668 1000 2749 parari
1017 2668 1102 2750 prius
1118 2667 1312 2750 expedirique
1332 2676 1472 2751 oporteat

316 2762 355 2826 ad
366 2763 515 2843 majorem
532 2764 597 2843 ejus
609 2763 754 2846 temporis
767 2764 957 2827 sanctitatem
970 2765 1221 2847 promovendam,-
1235 2783 1296 2827 una
1311 2767 1472 2830 vobiscum

315 2880 404 2925 curas
411 2861 667 2944 cogitationesque
678 2869 797 2924 nostras
807 2871 1061 2927 converteremus
1076 2865 1120 2925 Ac
1129 2863 1190 2925 Nos
1203 2862 1326 2944 quidem
1338 2865 1472 2945 primum

315 2961 453 3025 omnium
469 2967 640 3045 opportune
660 2959 880 3042 providendum
896 2955 1037 3023 duximus
1059 2968 1095 3023 ut
1108 2960 1138 3022 in
1148 2959 1278 3042 publicis
1289 2960 1471 3039 reficiendis,

314 3079 351 3124 ac
364 3061 535 3124 muniendis
546 3059 612 3138 viis,
630 3078 827 3141 quacumque
840 3058 877 3121 ad
890 3058 1080 3122 commeandi
1092 3057 1300 3136 commodum,
1312 3076 1348 3119 ac
1360 3076 1473 3122 securr-

315 3167 409 3222 tatem
430 3168 601 3242 spectarent
615 3160 772 3242 diligenter
787 3161 911 3237 tierent,
925 3177 1023 3240 neque
1037 3156 1203 3243 quidquam
1218 3167 1296 3220 esset
1311 3159 1393 3238 quod
1411 3178 1470 3239 pe-

314 3274 398 3336 regre
407 3257 468 3320 huc
483 3256 705 3319 advenientium
716 3256 860 3338 pietatem
874 3255 1051 3318 retardaret.
1067 3257 1161 3318 Porro
1170 3272 1242 3317 curn
1253 3255 1466 3336 intelligamus,

314 3362 501 3436 quantopere
518 3354 556 3416 ad
576 3354 735 3416 hominum
751 3355 867 3417 animos
883 3354 921 3416 ad
942 3356 1133 3418 sanctitatem
1150 3353 1325 3416 excitandos
1344 3359 1468 3417 externa

313 3452 405 3514 etiam
417 3451 569 3533 religionis
582 3451 709 3533 species,
723 3471 758 3513 ac
771 3453 900 3533 dignitas
913 3453 1024 3532 valeat,
1038 3453 1173 3516 arbitrati
1188 3470 1365 3515 sumusesse
1377 3470 1466 3516 aecn-

314 3557 378 3613 rate
392 3551 622 3633 exquirendum,
636 3551 688 3633 qui
704 3551 742 3615 sit
754 3553 977 3635 precipuarum
997 3551 1080 3614 urbis
1093 3551 1287 3614 ecclesiarum
1301 3557 1408 3627 status,
1431 3563 1467 3614 ut

313 3649 338 3708 si
349 3667 410 3729 qua
425 3650 631 3728 instauranda,
645 3670 680 3713 ac
694 3650 853 3714 reficienda
871 3653 951 3714 iniis
965 3657 1076 3728 essent,
1093 3659 1163 3733 apte
1177 3665 1213 3713 ac
1226 3650 1400 3730 tempestive
1411 3671 1466 3714 cu-

313 3746 373 3807 rari
382 3743 565 3825 juberemus.
577 3747 636 3810 Sed
646 3767 763 3830 magne
774 3747 1097 3830 protectojucuuditati
1110 3749 1205 3810 Nobis
1211 3746 1281 3822 fuit,
1292 3763 1363 3807 auur
1370 3762 1467 3828 quarn

313 3843 445 3926 plurima
458 3846 570 3926 templa
582 3846 838 3927 praedecessorum
853 3853 1029 3909 nostrorum
1043 3864 1078 3908 ac
1094 3845 1257 3928 prasertim
1268 3846 1301 3906 S.
1313 3845 1356 3906 ll.
1373 3848 1469 3908 Beue-

313 3942 385 4006 dicti
406 3943 496 4026 Papae
507 3943 576 4005 XlV
588 3944 767 4007 liberalitate
781 3943 956 4027 peregregie
975 3952 1121 4007 exornata
1135 3944 1234 4031 adhuc
1250 3944 1380 4007 retinere
1394 3944 1469 4026 pris·

313 4044 411 4106 tinum
424 4041 462 4105 ab
479 4040 515 4104 iis
528 4042 652 4104 allatum
671 4044 862 4124 splendorem
879 4043 1086 4125 cognovimus.
1100 4044 1306 4105 Veruntamen
1317 4059 1389 4105 curn
1404 4044 1469 4103 Va-

314 4141 415 4205 ticana
428 4149 602 4206 sanctorum
620 4142 699 4204 Petri
710 4150 741 4204 et
754 4143 838 4205 Pauli
851 4143 979 4205 Basilica
990 4162 1045 4224 pro
1060 4161 1115 4204 sua
1128 4142 1223 4224 ipsius
1240 4141 1465 4223 magnitudine,

317 4252 353 4297 ac
364 4240 534 4318 prestantia
546 4239 699 4302 assiduam
709 4241 896 4304 restaurandi
906 4241 1091 4322 diligentiam
1105 4241 1250 4323 postulet,
1261 4249 1291 4302 et
1307 4244 1470 4322 propterea

316 4349 377 4394 una
386 4336 521 4400 omnium
534 4337 666 4401 maxime
679 4354 767 4400 ouras
780 4344 899 4401 nostras
909 4337 946 4400 ad
959 4356 991 4400 se
1002 4344 1132 4416 revocet,
1137 4338 1203 4418 Jam
1214 4336 1333 4419 pridem
1342 4351 1468 4416 operam

314 4430 463 4511 dedimus,
479 4443 512 4502 ιιι
525 4437 670 4520 quidquid
681 4439 710 4500 in
727 4439 777 4500 illa
790 4438 986 4501 obscuratum
996 4443 1073 4500 osset
1085 4443 1138 4499 aut
1151 4436 1297 4518 temporis
1313 4433 1468 4498 diuturni-

315 4523 377 4591 tate
388 4539 575 4617 corruptum,
591 4537 810 4614 restitueretur,
824 4544 853 4597 et
870 4534 1005 4599 recentes
1017 4537 1110 4599 etiarn
1125 4541 1214 4617 atque
1226 4534 1405 4600 illustriores
1419 4554 1467 4598 ur·
