3194 5354
486 515 671 595 EPIS'l'OLAE
682 516 734 579 ,ET
753 514 886 570 unsst‘m
905 514 1138 572 snuucmonx.
1335 520 1383 574 tot

235 628 265 683 ct
287 622 397 684 nuncio
423 621 576 683 nostruin
599 620 630 682 id
652 620 752 701 ipsum
777 620 961 682 incumbenti
983 619 1157 683 adlaturum
1179 629 1383 703 expectamus.

235 720 319 780 llauc
332 717 482 798 egregiam
496 734 621 799 operam
636 716 802 796 apostolico
820 723 873 777 tuo
884 716 1060 795 ministerio,
1073 722 1185 799 tuoque
1199 720 1312 783 Domus
1326 721 1384 781 Do

235 814 307 875 mini
326 813 445 876 tuendae
458 812 558 875 studio
573 817 805 874 consentaneam
817 830 854 872 eo
875 812 992 873 enixius
1006 820 1065 874 ate
1078 812 1232 894 poscimus
1245 832 1281 876 ac
1295 814 1384 896 dagi-

234 919 334 973 tamus
350 929 411 992 qao
430 909 525 990 magis
539 909 570 970 in
590 909 671 970 avita
684 908 814 971 Poloniae
833 908 904 971 fidoi
924 910 1083 972 sanctitate
1104 909 1260 972 retinenda
1281 930 1384 975 veram

235 1027 271 1070 ac
283 1008 412 1072 solidam
427 1008 505 1070 illius
520 1007 696 1082 utilitatem,
712 1027 749 1070 ac
759 1014 903 1071 artemam
917 1010 1086 1071 animarum
1099 1010 1228 1072 salutem
1237 1009 1381 1073 contineri

236 1106 437 1185 agnoscimus.
463 1107 559 1170 mum
582 1105 736 1186 Optimum
757 1105 924 1168 Maximum
946 1124 1118 1187 precamur,
1137 1113 1172 1168 ut
1198 1126 1258 1169 sure
1280 1107 1383 1187 gratiae

235 1204 345 1268 auxilio
359 1204 501 1266 eximiam
521 1204 601 1266 banc
619 1210 705 1266 tuam
723 1203 754 1265 in
768 1201 955 1265 defendendo
969 1203 1070 1267 divino
1092 1204 1177 1266 cultu
1196 1195 1383 1268 voluntatem

234 1303 362 1381 muniat,
376 1311 407 1365 et
421 1303 592 1381 confirmet,
605 1320 641 1364 ao
652 1301 815 1364 caelestium
831 1300 1047 1364 beneficiorum
1063 1302 1217 1383 auspicem
1231 1308 1262 1365 et
1273 1309 1383 1366 nostrai

235 1399 392 1479 singularis
418 1400 449 1461 in
473 1405 504 1461 tc
530 1397 664 1461 caritatis
691 1404 800 1460 testem
824 1398 1020 1478 apostolicam
1043 1399 1285 1463 benedictionem
1309 1401 1380 1479 tibi,

234 1496 419 1560 Venerabilis
442 1499 557 1576 Frater,
575 1503 687 1578 tuoque
712 1496 851 1557 universo
868 1495 949 1575 gregi
969 1502 1160 1576 peramanter
1179 1497 1380 1581 impertimur.

233 1595 345 1658 Dolum
352 1597 463 1667 Rome,
471 1603 544 1673 etc,
555 1597 605 1657 die
616 1596 770 1675 tnopn‘lis
782 1605 868 1672 17⁷8,
873 1597 1168 1673 pmtriicotmnmtri
1174 1614 1253 1658 anno
1261 1605 1378 1676 qanrto.

716 1725 889 1737 ...ι-.-

713 1833 877 1904 cccxlii.

462 1991 680 2036 braac'rtssmo
701 1991 736 2033 lli
757 1989 892 2033 cnnls'ro
914 1989 1000 2034 blato
1023 1990 1144 2033 NOSTBO

583 2088 802 2149 Fannnntco
823 2088 1021 2159 AUGUSTO,

373 2205 543 2254 srxonna
566 2205 668 2265 uuor,
694 2205 719 2251 s.
746 2205 773 2252 n.
800 2204 820 2252 1.
845 2202 1016 2251 raincrrr
1041 2201 1238 2260 sanescat,

538 2308 772 2389 CLEMENS
799 2309 928 2386 ΡΑΡΑ
955 2306 1062 2384 XIV.

1002 2458 1095 2518 nome,
1109 2462 1138 2507 to
1151 2456 1233 2520 aprilis
1245 2463 1314 2509 177⁴.

268 2560 482 2631 Dilectissimo,
500 2566 555 2621 etc.
569 2559 680 2622 Detulit
692 2559 785 2621 Nobis
798 2564 852 2620 tuo
865 2557 987 2620 nomine
1001 2557 1129 2621 dilectas
1138 2557 1217 2620 lilius
1228 2558 1376 2621 Consilia-

228 2655 292 2719 rius
303 2658 435 2720 loannes
449 2656 619 2721 Ludovicus
630 2657 800 2720 Bianconus
812 2656 957 2719 eximium
971 2661 1002 2718 et
1015 2655 1133 2737 regium
1152 2656 1242 2738 plane
1263 2675 1299 2719 ac
1311 2658 1377 2721 sin-
1478 2682 1480 2686 ·

227 2753 323 2833 gulari
343 2772 434 2836 opere
451 2774 488 2817 ex
507 2756 681 2837 porcellaua
696 2755 867 2818 confectum
889 2773 1016 2834 munus,
1039 2753 1180 2836 idemque
1200 2755 1260 2817 tuis
1277 2755 1376 2818 verbis

228 2850 339 2912 amoris
356 2850 387 2912 in
404 2851 465 2912 Nos
485 2871 520 2913 ac
537 2853 657 2934 pietatis
672 2854 850 2934 plenissimis
865 2859 911 2914 est
928 2852 1165 2916 cumulatissime
1186 2859 1373 2932 prosecutus.

227 2948 408 3028 Excepimus
421 2948 451 3010 id
465 2951 525 3012 Nos
534 2950 656 3030 quidem
670 2951 735 3030 pari
750 2957 813 3012 tam
827 2950 951 3030 egregia
964 2950 1178 3013 munificentia
1189 2956 1249 3013 tuae
1263 2952 1375 3013 volun-

226 3052 288 3106 tate
302 3064 338 3107 ac
360 3047 506 3124 majorem
525 3046 556 3108 iu
573 3046 699 3108 modum
714 3046 856 3125 adjuncto
875 3047 1014 3127 pretiosae
1035 3045 1078 3108 illi
1098 3047 1231 3108 materia
1248 3047 1374 3110 artificio

228 3163 343 3226 usuque
361 3149 506 3225 praeterea
526 3143 565 3205 ad
576 3161 668 3224 quem
683 3143 785 3205 omnia
800 3143 953 3206 elaborata
966 3148 1053 3220 sunt,
1075 3162 1111 3206 ac
1123 3143 1189 3225 ipsa
1209 3143 1374 3226 imaginum

227 3242 336 3324 quibus
348 3241 480 3305 maxime
492 3241 651 3318 allicimur,
665 3240 763 3322 specie
775 3260 880 3305 sumus
890 3242 1040 3304 delectati.
1052 3243 1111 3306 Sed
1122 3242 1374 3322 jucundissimum

226 3359 286 3421 pra
306 3339 421 3402 caeteris
438 3339 496 3401 luit
507 3338 681 3419 hujusmodi
697 3339 789 3401 animi
807 3340 839 3401 in
851 3340 912 3402 Nos
926 3340 986 3419 tui,
1003 3340 1194 3406 dbccdssime
1204 3341 1239 3412 ‚in
1255 3342 1373 3406 Christo

227 3438 268 3499 lili
289 3444 402 3511 noster,
429 3437 650 3515 testimonium,
674 3456 766 3520 quem
794 3437 874 3499 enim
894 3438 934 3500 ob
959 3439 1201 3520 praeclarissimos
1224 3445 1373 3524 tantaeque

226 3537 338 3598 Domus
352 3535 510 3618 splendore
521 3542 740 3599 consentaneas
757 3535 882 3598 virtutes
894 3537 1059 3618 presertim
1072 3555 1144 3599 vero
1158 3536 1198 3600 ob
1211 3537 1369 3619 religionis,

225 3632 403 3716 pietatisque
422 3633 522 3696 studia
539 3632 664 3696 maximi
680 3650 798 3713 semper
817 3630 960 3710 fecimus,
972 3653 1008 3696 ac
1025 3632 1132 3695 intima
1146 3639 1271 3716 paterna
1291 3636 1373 3697 cari-

225 3738 286 3792 tate
303 3733 451 3814 complexi
465 3751 582 3810 sumus,
598 3731 755 3794 abeodem
772 3749 843 3794 cum
855 3731 1041 3793 intueremur
1054 3748 1147 3793 novas
1159 3732 1238 3794 albo
1257 3751 1292 3795 aa
1308 3739 1372 3794 tam

224 3829 352 3893 illustres
361 3831 460 3894 afferri
472 3829 681 3904 confirmandi,
698 3837 788 3910 atquo
808 3828 1012 3912 amplificandi
1025 3828 1135 3892 amoris
1148 3829 1243 3892 nostri
1252 3847 1370 3907 causas,

223 3927 428 3990 incredibilem
437 3928 600 4010 quemdam
612 3945 737 3990 summa
748 3926 910 4008 voluptatis
919 3944 1042 3990 sensum
1054 3926 1255 4009 percepimus.
1267 3930 1372 4008 ltaque

223 4024 410 4085 immortales
419 4025 472 4087 tibi
492 4024 738 4107 gratias-idcirco
752 4030 783 4088 et
800 4023 911 4088 referre
931 4027 992 4088 Nos
1003 4031 1033 4087 et
1048 4026 1160 4090 babere
1180 4027 1369 4110 profitemur,

223 4122 423 4202 omnibusque
441 4129 534 4201 gratae
550 4123 714 4186 voluntatis
728 4121 835 4185 officiis
841 4169 850 4201 ‚
862 4129 1020 4205 squantum
1039 4125 1169 4187 maxime
1190 4140 1368 4206 possumus,

223 4219 405 4299 amplissime
426 4219 653 4300 respondemus.
673 4218 851 4300 Adiunxcris
871 4220 1010 4301 prolecto
1035 4228 1099 4283 tam
1118 4219 1235 4282 eximia
1255 4225 1314 4284 tuae
1338 4220 1368 4283 in

221 4318 282 4377 Nos
297 4317 417 4398 pietatis
438 4317 605 4396 cumulmn,
627 4318 748 4399 siquod
774 4317 891 4399 assequi
909 4318 983 4380 satis
1003 4318 1100 4380 verbis
1114 4334 1176 4379 non
1190 4327 1367 4400 possumus,

221 4413 251 4476 id
267 4413 305 4478 de
318 4413 411 4476 Nobis
428 4413 609 4497 tibimetipse
626 4414 792 4478 certissime
809 4413 1003 4496 persuaseris.
1023 4413 1086 4476 Etsi
1099 4414 1275 4495 sansusbos
1294 4433 1380 4500 nos-2

220 4518 284 4573 tros
299 4509 378 4574 idem
389 4511 569 4591 Bianoonus,
584 4514 636 4593 qui
652 4512 757 4591 adluit,
769 4532 805 4575 ac
818 4512 969 4594 perspexit
979 4511 1017 4576 ad
1032 4519 1062 4576 te
1075 4511 1300 4596 diligentissime
1310 4533 1368 4595 pro
