<?xml version="1.0" encoding="UTF-8"?>
<!DOCTYPE html PUBLIC "-//W3C//DTD XHTML 1.0 Transitional//EN"
    "http://www.w3.org/TR/xhtml1/DTD/xhtml1-transitional.dtd">
<html xmlns="http://www.w3.org/1999/xhtml" xml:lang="en" lang="en">
 <head>
  <title>
</title>
<meta http-equiv="Content-Type" content="text/html;charset=utf-8" />
  <meta name='ocr-system' content='tesseract 3.04.00' />
  <meta name='ocr-capabilities' content='ocr_page ocr_carea ocr_par ocr_line ocrx_word'/>
</head>
<body>
  <div class='ocr_page' id='page_1' title='image "./clementisxivpon01clemgoog_0116.png"; bbox 0 0 3194 5354; ppageno 0'>
   <div class='ocr_carea' id='block_1_1' title="bbox 474 488 1368 552">
    <p class='ocr_par' dir='ltr' id='par_1_1' title="bbox 474 488 1368 552">
     <span class='ocr_line' id='line_1_1' title="bbox 474 488 1368 552; baseline 0.009 -8"><span class='ocrx_word' id='word_1_1' title='bbox 474 488 653 544; x_wconf 80' lang='lat' dir='ltr'><strong>EPlSTOLAE</strong></span> <span class='ocrx_word' id='word_1_2' title='bbox 671 489 717 546; x_wconf 74' lang='grc' dir='ltr'><strong>ΕΤ</strong></span> <span class='ocrx_word' id='word_1_3' title='bbox 736 489 868 545; x_wconf 73' lang='lat' dir='ltr'><strong>BREVlA</strong></span> <span class='ocrx_word' id='word_1_4' title='bbox 886 489 1121 546; x_wconf 73' lang='lat' dir='ltr'><strong>sutucmottl.</strong></span> <span class='ocrx_word' id='word_1_5' title='bbox 1317 499 1368 552; x_wconf 78' lang='lat'><strong>1⁰1</strong></span> 
     </span>
    </p>
   </div>
   <div class='ocr_carea' id='block_1_2' title="bbox 222 592 1373 2625">
    <p class='ocr_par' dir='ltr' id='par_1_2' title="bbox 222 592 1373 2625">
     <span class='ocr_line' id='line_1_2' title="bbox 225 592 1370 674; baseline 0 -13"><span class='ocrx_word' id='word_1_6' title='bbox 225 595 310 663; x_wconf 80' lang='lat' dir='ltr'><strong>ueris</strong></span> <span class='ocrx_word' id='word_1_7' title='bbox 325 592 504 674; x_wconf 87' lang='lat' dir='ltr'><strong>dignitatem</strong></span> <span class='ocrx_word' id='word_1_8' title='bbox 516 593 644 670; x_wconf 91' lang='lat' dir='ltr'><strong>collata,</strong></span> <span class='ocrx_word' id='word_1_9' title='bbox 663 599 694 655; x_wconf 86' lang='lat' dir='ltr'><strong>et</strong></span> <span class='ocrx_word' id='word_1_10' title='bbox 704 599 848 672; x_wconf 89' lang='lat' dir='ltr'><strong>congesta</strong></span> <span class='ocrx_word' id='word_1_11' title='bbox 860 611 925 655; x_wconf 88' lang='lat' dir='ltr'><strong>esse</strong></span> <span class='ocrx_word' id='word_1_12' title='bbox 936 593 1019 655; x_wconf 88' lang='lat' dir='ltr'><strong>vidit.</strong></span> <span class='ocrx_word' id='word_1_13' title='bbox 1036 593 1255 659; x_wconf 86' lang='lat' dir='ltr'><strong>Fidelissimum</strong></span> <span class='ocrx_word' id='word_1_14' title='bbox 1267 604 1370 661; x_wconf 88' lang='lat' dir='ltr'><strong>autem</strong></span> 
     </span>
     <span class='ocr_line' id='line_1_3' title="bbox 226 689 1370 773; baseline 0.004 -20"><span class='ocrx_word' id='word_1_15' title='bbox 226 695 341 773; x_wconf 88' lang='lat' dir='ltr'><strong>Ftegem</strong></span> <span class='ocrx_word' id='word_1_16' title='bbox 356 690 573 771; x_wconf 90' lang='lat' dir='ltr'><strong>cumprimum</strong></span> <span class='ocrx_word' id='word_1_17' title='bbox 587 689 859 768; x_wconf 82' lang='lat' dir='ltr'><strong>adiil,erimiain</strong></span> <span class='ocrx_word' id='word_1_18' title='bbox 874 690 959 752; x_wconf 90' lang='lat' dir='ltr'><strong>illum</strong></span> <span class='ocrx_word' id='word_1_19' title='bbox 976 690 1094 770; x_wconf 60' lang='lat' dir='ltr'><strong>gratim</strong></span> <span class='ocrx_word' id='word_1_20' title='bbox 1109 709 1146 753; x_wconf 87' lang='lat' dir='ltr'><strong>oc</strong></span> <span class='ocrx_word' id='word_1_21' title='bbox 1158 691 1370 762; x_wconf 63' lang='lat' dir='ltr'><strong>benevolentia</strong></span> 
     </span>
     <span class='ocr_line' id='line_1_4' title="bbox 226 787 1370 867; baseline 0.001 -14"><span class='ocrx_word' id='word_1_22' title='bbox 226 790 333 858; x_wconf 84' lang='lat' dir='ltr'><strong>iultlos</strong></span> <span class='ocrx_word' id='word_1_23' title='bbox 352 788 480 867; x_wconf 89' lang='lat' dir='ltr'><strong>amoris,</strong></span> <span class='ocrx_word' id='word_1_24' title='bbox 497 789 606 867; x_wconf 89' lang='lat' dir='ltr'><strong>studii,</strong></span> <span class='ocrx_word' id='word_1_25' title='bbox 629 807 665 850; x_wconf 89' lang='lat' dir='ltr'><strong>ac</strong></span> <span class='ocrx_word' id='word_1_26' title='bbox 683 787 858 853; x_wconf 86' lang='lat' dir='ltr'><strong>ciliciorum</strong></span> <span class='ocrx_word' id='word_1_27' title='bbox 871 788 1009 855; x_wconf 86' lang='lat' dir='ltr'><strong>omnium</strong></span> <span class='ocrx_word' id='word_1_28' title='bbox 1027 787 1172 866; x_wconf 75' lang='lat' dir='ltr'><strong>illustria,</strong></span> <span class='ocrx_word' id='word_1_29' title='bbox 1194 807 1229 850; x_wconf 90' lang='lat' dir='ltr'><strong>ao</strong></span> <span class='ocrx_word' id='word_1_30' title='bbox 1243 789 1370 854; x_wconf 86' lang='lat' dir='ltr'><strong>miritioa</strong></span> 
     </span>
     <span class='ocr_line' id='line_1_5' title="bbox 225 883 1371 966; baseline 0.002 -19"><span class='ocrx_word' id='word_1_31' title='bbox 225 884 315 966; x_wconf 86' lang='lat' dir='ltr'><strong>plane</strong></span> <span class='ocrx_word' id='word_1_32' title='bbox 328 884 679 949; x_wconf 84' lang='lat' dir='ltr'><strong>testimoniaextiterunt.</strong></span> <span class='ocrx_word' id='word_1_33' title='bbox 690 885 893 962; x_wconf 86' lang='lat' dir='ltr'><strong>Quaurobrem</strong></span> <span class='ocrx_word' id='word_1_34' title='bbox 903 883 1069 947; x_wconf 78' lang='lat' dir='ltr'><strong>incredibili</strong></span> <span class='ocrx_word' id='word_1_35' title='bbox 1080 883 1171 946; x_wconf 89' lang='lat' dir='ltr'><strong>animi</strong></span> <span class='ocrx_word' id='word_1_36' title='bbox 1181 885 1371 964; x_wconf 88' lang='lat' dir='ltr'><strong>jucunditate</strong></span> 
     </span>
     <span class='ocr_line' id='line_1_6' title="bbox 225 980 1370 1065; baseline 0.001 -21"><span class='ocrx_word' id='word_1_37' title='bbox 225 981 444 1063; x_wconf 82' lang='lat' dir='ltr'><strong>perfundimur,</strong></span> <span class='ocrx_word' id='word_1_38' title='bbox 454 1001 491 1044; x_wconf 87' lang='lat' dir='ltr'><strong>ac</strong></span> <span class='ocrx_word' id='word_1_39' title='bbox 504 983 688 1046; x_wconf 85' lang='lat' dir='ltr'><strong>immortales</strong></span> <span class='ocrx_word' id='word_1_40' title='bbox 698 985 761 1046; x_wconf 88' lang='lat' dir='ltr'><strong>Deo</strong></span> <span class='ocrx_word' id='word_1_41' title='bbox 770 980 969 1065; x_wconf 82' lang='lat' dir='ltr'><strong>omnipotenti</strong></span> <span class='ocrx_word' id='word_1_42' title='bbox 982 981 1093 1062; x_wconf 76' lang='lat' dir='ltr'><strong>gratim</strong></span> <span class='ocrx_word' id='word_1_43' title='bbox 1105 980 1270 1061; x_wconf 90' lang='lat' dir='ltr'><strong>reddimus,</strong></span> <span class='ocrx_word' id='word_1_44' title='bbox 1280 988 1370 1065; x_wconf 88' lang='lat' dir='ltr'><strong>atque</strong></span> 
     </span>
     <span class='ocr_line' id='line_1_7' title="bbox 226 1077 1371 1162; baseline 0.004 -21"><span class='ocrx_word' id='word_1_45' title='bbox 226 1077 391 1158; x_wconf 83' lang='lat' dir='ltr'><strong>habemus,</strong></span> <span class='ocrx_word' id='word_1_46' title='bbox 405 1080 597 1144; x_wconf 76' lang='lat' dir='ltr'><strong>venerabiles</strong></span> <span class='ocrx_word' id='word_1_47' title='bbox 607 1081 746 1160; x_wconf 77' lang='lat' dir='ltr'><strong>Fratres,</strong></span> <span class='ocrx_word' id='word_1_48' title='bbox 755 1081 809 1162; x_wconf 87' lang='lat' dir='ltr'><strong>qui</strong></span> <span class='ocrx_word' id='word_1_49' title='bbox 824 1087 997 1162; x_wconf 86' lang='lat' dir='ltr'><strong>temporum</strong></span> <span class='ocrx_word' id='word_1_50' title='bbox 1009 1099 1045 1143; x_wconf 89' lang='lat' dir='ltr'><strong>ac</strong></span> <span class='ocrx_word' id='word_1_51' title='bbox 1064 1099 1166 1143; x_wconf 91' lang='lat' dir='ltr'><strong>rerum</strong></span> <span class='ocrx_word' id='word_1_52' title='bbox 1177 1082 1310 1146; x_wconf 90' lang='lat' dir='ltr'><strong>rationes</strong></span> <span class='ocrx_word' id='word_1_53' title='bbox 1327 1084 1371 1146; x_wconf 90' lang='lat' dir='ltr'><strong>ita</strong></span> 
     </span>
     <span class='ocr_line' id='line_1_8' title="bbox 225 1175 1371 1256; baseline 0.005 -20"><span class='ocrx_word' id='word_1_54' title='bbox 225 1181 431 1256; x_wconf 85' lang='lat' dir='ltr'><strong>comparatas,</strong></span> <span class='ocrx_word' id='word_1_55' title='bbox 445 1175 489 1237; x_wconf 89' lang='lat' dir='ltr'><strong>ita</strong></span> <span class='ocrx_word' id='word_1_56' title='bbox 497 1176 665 1240; x_wconf 77' lang='lat' dir='ltr'><strong>voluntates</strong></span> <span class='ocrx_word' id='word_1_57' title='bbox 677 1176 802 1241; x_wconf 79' lang='lat' dir='ltr'><strong>allectas</strong></span> <span class='ocrx_word' id='word_1_58' title='bbox 812 1195 878 1241; x_wconf 83' lang='lat' dir='ltr'><strong>cese</strong></span> <span class='ocrx_word' id='word_1_59' title='bbox 890 1177 1000 1255; x_wconf 90' lang='lat' dir='ltr'><strong>voluit,</strong></span> <span class='ocrx_word' id='word_1_60' title='bbox 1015 1183 1049 1239; x_wconf 91' lang='lat' dir='ltr'><strong>ut</strong></span> <span class='ocrx_word' id='word_1_61' title='bbox 1059 1177 1122 1240; x_wconf 81' lang='lat' dir='ltr'><strong>bec</strong></span> <span class='ocrx_word' id='word_1_62' title='bbox 1132 1177 1232 1240; x_wconf 88' lang='lat' dir='ltr'><strong>Nostri</strong></span> <span class='ocrx_word' id='word_1_63' title='bbox 1243 1179 1371 1242; x_wconf 86' lang='lat' dir='ltr'><strong>Pontifi-</strong></span> 
     </span>
     <span class='ocr_line' id='line_1_9' title="bbox 224 1270 1372 1355; baseline 0.006 -23"><span class='ocrx_word' id='word_1_64' title='bbox 224 1277 309 1333; x_wconf 90' lang='lat' dir='ltr'><strong>calus</strong></span> <span class='ocrx_word' id='word_1_65' title='bbox 321 1270 409 1335; x_wconf 89' lang='lat' dir='ltr'><strong>initia</strong></span> <span class='ocrx_word' id='word_1_66' title='bbox 421 1277 512 1334; x_wconf 82' lang='lat' dir='ltr'><strong>tauta</strong></span> <span class='ocrx_word' id='word_1_67' title='bbox 530 1272 574 1343; x_wconf 87' lang='lat' dir='ltr'><strong>rei</strong></span> <span class='ocrx_word' id='word_1_68' title='bbox 587 1291 744 1353; x_wconf 79' lang='lat' dir='ltr'><strong>mcecssu,</strong></span> <span class='ocrx_word' id='word_1_69' title='bbox 764 1280 887 1355; x_wconf 84' lang='lat' dir='ltr'><strong>tamque</strong></span> <span class='ocrx_word' id='word_1_70' title='bbox 906 1273 1014 1354; x_wconf 80' lang='lat' dir='ltr'><strong>insigni</strong></span> <span class='ocrx_word' id='word_1_71' title='bbox 1027 1273 1058 1335; x_wconf 92' lang='lat' dir='ltr'><strong>in</strong></span> <span class='ocrx_word' id='word_1_72' title='bbox 1078 1274 1243 1337; x_wconf 88' lang='lat' dir='ltr'><strong>Ecclesiam</strong></span> <span class='ocrx_word' id='word_1_73' title='bbox 1258 1276 1372 1339; x_wconf 82' lang='lat' dir='ltr'><strong>cedato</strong></span> 
     </span>
     <span class='ocr_line' id='line_1_10' title="bbox 225 1367 1371 1452; baseline 0.003 -22"><span class='ocrx_word' id='word_1_74' title='bbox 225 1367 372 1431; x_wconf 75' lang='lat' dir='ltr'><strong>benefido</strong></span> <span class='ocrx_word' id='word_1_75' title='bbox 386 1368 558 1434; x_wconf 85' lang='lat' dir='ltr'><strong>illustraret.</strong></span> <span class='ocrx_word' id='word_1_76' title='bbox 573 1370 660 1445; x_wconf 83' lang='lat' dir='ltr'><strong>Quod</strong></span> <span class='ocrx_word' id='word_1_77' title='bbox 670 1370 792 1452; x_wconf 88' lang='lat' dir='ltr'><strong>quidem</strong></span> <span class='ocrx_word' id='word_1_78' title='bbox 801 1389 838 1434; x_wconf 92' lang='lat' dir='ltr'><strong>ec</strong></span> <span class='ocrx_word' id='word_1_79' title='bbox 848 1370 1034 1433; x_wconf 84' lang='lat' dir='ltr'><strong>manifestius</strong></span> <span class='ocrx_word' id='word_1_80' title='bbox 1044 1369 1371 1451; x_wconf 84' lang='lat' dir='ltr'><strong>Decipeireierendum</strong></span> 
     </span>
     <span class='ocr_line' id='line_1_11' title="bbox 224 1464 1371 1549; baseline 0 -23"><span class='ocrx_word' id='word_1_81' title='bbox 224 1464 433 1548; x_wconf 71' lang='lat' dir='ltr'><strong>intelligimus,</strong></span> <span class='ocrx_word' id='word_1_82' title='bbox 448 1486 509 1549; x_wconf 87' lang='lat' dir='ltr'><strong>quo</strong></span> <span class='ocrx_word' id='word_1_83' title='bbox 527 1469 624 1549; x_wconf 85' lang='lat' dir='ltr'><strong>magis</strong></span> <span class='ocrx_word' id='word_1_84' title='bbox 637 1468 773 1533; x_wconf 87' lang='lat' dir='ltr'><strong>videmus</strong></span> <span class='ocrx_word' id='word_1_85' title='bbox 783 1469 857 1531; x_wconf 87' lang='lat' dir='ltr'><strong>nihil</strong></span> <span class='ocrx_word' id='word_1_86' title='bbox 870 1486 950 1546; x_wconf 88' lang='lat' dir='ltr'><strong>esse,</strong></span> <span class='ocrx_word' id='word_1_87' title='bbox 965 1466 1049 1548; x_wconf 85' lang='lat' dir='ltr'><strong>quod</strong></span> <span class='ocrx_word' id='word_1_88' title='bbox 1065 1466 1133 1529; x_wconf 91' lang='lat' dir='ltr'><strong>iude</strong></span> <span class='ocrx_word' id='word_1_89' title='bbox 1142 1466 1371 1548; x_wconf 88' lang='lat' dir='ltr'><strong>Nobismetipsis</strong></span> 
     </span>
     <span class='ocr_line' id='line_1_12' title="bbox 227 1563 1372 1649; baseline 0.003 -24"><span class='ocrx_word' id='word_1_90' title='bbox 227 1581 263 1626; x_wconf 90' lang='lat' dir='ltr'><strong>ac</strong></span> <span class='ocrx_word' id='word_1_91' title='bbox 281 1563 441 1644; x_wconf 84' lang='lat' dir='ltr'><strong>dlligentia</strong></span> <span class='ocrx_word' id='word_1_92' title='bbox 454 1564 665 1648; x_wconf 69' lang='lat' dir='ltr'><strong>inlustrisque</strong></span> <span class='ocrx_word' id='word_1_93' title='bbox 677 1573 787 1631; x_wconf 76' lang='lat' dir='ltr'><strong>nostra</strong></span> <span class='ocrx_word' id='word_1_94' title='bbox 799 1567 978 1629; x_wconf 88' lang='lat' dir='ltr'><strong>tribuamus.</strong></span> <span class='ocrx_word' id='word_1_95' title='bbox 996 1568 1108 1629; x_wconf 90' lang='lat' dir='ltr'><strong>Verum</strong></span> <span class='ocrx_word' id='word_1_96' title='bbox 1122 1573 1157 1628; x_wconf 92' lang='lat' dir='ltr'><strong>ut</strong></span> <span class='ocrx_word' id='word_1_97' title='bbox 1169 1568 1284 1630; x_wconf 90' lang='lat' dir='ltr'><strong>nullam</strong></span> <span class='ocrx_word' id='word_1_98' title='bbox 1295 1586 1372 1649; x_wconf 87' lang='lat' dir='ltr'><strong>par-</strong></span> 
     </span>
     <span class='ocr_line' id='line_1_13' title="bbox 225 1664 1372 1746; baseline 0.003 -22"><span class='ocrx_word' id='word_1_99' title='bbox 225 1670 289 1725; x_wconf 90' lang='lat' dir='ltr'><strong>tem</strong></span> <span class='ocrx_word' id='word_1_100' title='bbox 298 1681 336 1725; x_wconf 83' lang='lat' dir='ltr'><strong>ex</strong></span> <span class='ocrx_word' id='word_1_101' title='bbox 350 1664 410 1726; x_wconf 93' lang='lat' dir='ltr'><strong>boc</strong></span> <span class='ocrx_word' id='word_1_102' title='bbox 423 1672 487 1727; x_wconf 92' lang='lat' dir='ltr'><strong>tam</strong></span> <span class='ocrx_word' id='word_1_103' title='bbox 502 1665 621 1746; x_wconf 86' lang='lat' dir='ltr'><strong>egregio</strong></span> <span class='ocrx_word' id='word_1_104' title='bbox 635 1683 725 1746; x_wconf 89' lang='lat' dir='ltr'><strong>opere</strong></span> <span class='ocrx_word' id='word_1_105' title='bbox 737 1683 877 1745; x_wconf 79' lang='lat' dir='ltr'><strong>arrogare</strong></span> <span class='ocrx_word' id='word_1_106' title='bbox 890 1664 983 1726; x_wconf 89' lang='lat' dir='ltr'><strong>Nobis</strong></span> <span class='ocrx_word' id='word_1_107' title='bbox 997 1682 1158 1744; x_wconf 90' lang='lat' dir='ltr'><strong>possumus</strong></span> <span class='ocrx_word' id='word_1_108' title='bbox 1165 1709 1174 1742; x_wconf 96' lang='lat'><strong>,</strong></span> <span class='ocrx_word' id='word_1_109' title='bbox 1187 1665 1230 1728; x_wconf 89' lang='lat' dir='ltr'><strong>ita</strong></span> <span class='ocrx_word' id='word_1_110' title='bbox 1243 1665 1372 1746; x_wconf 90' lang='lat' dir='ltr'><strong>amplis-</strong></span> 
     </span>
     <span class='ocr_line' id='line_1_14' title="bbox 225 1762 1372 1850; baseline -0.002 -24"><span class='ocrx_word' id='word_1_111' title='bbox 225 1764 332 1826; x_wconf 84' lang='lat' dir='ltr'><strong>simam</strong></span> <span class='ocrx_word' id='word_1_112' title='bbox 343 1764 495 1845; x_wconf 89' lang='lat' dir='ltr'><strong>prolecto,</strong></span> <span class='ocrx_word' id='word_1_113' title='bbox 508 1783 544 1826; x_wconf 92' lang='lat' dir='ltr'><strong>ac</strong></span> <span class='ocrx_word' id='word_1_114' title='bbox 557 1765 791 1846; x_wconf 83' lang='lat' dir='ltr'><strong>pulcherrimam</strong></span> <span class='ocrx_word' id='word_1_115' title='bbox 805 1782 880 1850; x_wconf 70' lang='lat' dir='ltr'><strong>verre</strong></span> <span class='ocrx_word' id='word_1_116' title='bbox 895 1762 996 1843; x_wconf 84' lang='lat' dir='ltr'><strong>gloria</strong></span> <span class='ocrx_word' id='word_1_117' title='bbox 1011 1764 1212 1826; x_wconf 83' lang='lat' dir='ltr'><strong>accessionem</strong></span> <span class='ocrx_word' id='word_1_118' title='bbox 1228 1782 1293 1826; x_wconf 87' lang='lat' dir='ltr'><strong>esse</strong></span> <span class='ocrx_word' id='word_1_119' title='bbox 1302 1763 1372 1825; x_wconf 89' lang='lat' dir='ltr'><strong>lac-</strong></span> 
     </span>
     <span class='ocr_line' id='line_1_15' title="bbox 224 1861 1370 1944; baseline -0.002 -17"><span class='ocrx_word' id='word_1_120' title='bbox 224 1870 287 1927; x_wconf 88' lang='lat' dir='ltr'><strong>tam</strong></span> <span class='ocrx_word' id='word_1_121' title='bbox 307 1864 512 1944; x_wconf 81' lang='lat' dir='ltr'><strong>agnoscimus,</strong></span> <span class='ocrx_word' id='word_1_122' title='bbox 535 1883 570 1926; x_wconf 91' lang='lat' dir='ltr'><strong>ac</strong></span> <span class='ocrx_word' id='word_1_123' title='bbox 588 1863 717 1926; x_wconf 81' lang='lat' dir='ltr'><strong>latemur</strong></span> <span class='ocrx_word' id='word_1_124' title='bbox 738 1864 776 1926; x_wconf 92' lang='lat' dir='ltr'><strong>ad</strong></span> <span class='ocrx_word' id='word_1_125' title='bbox 793 1880 928 1926; x_wconf 87' lang='lat' dir='ltr'><strong>summas</strong></span> <span class='ocrx_word' id='word_1_126' title='bbox 948 1861 1125 1925; x_wconf 83' lang='lat' dir='ltr'><strong>Fidelissimi</strong></span> <span class='ocrx_word' id='word_1_127' title='bbox 1143 1861 1231 1942; x_wconf 89' lang='lat' dir='ltr'><strong>Regis</strong></span> <span class='ocrx_word' id='word_1_128' title='bbox 1248 1862 1370 1938; x_wconf 90' lang='lat' dir='ltr'><strong>laudes,</strong></span> 
     </span>
     <span class='ocr_line' id='line_1_16' title="bbox 223 1961 1372 2042; baseline 0 -18"><span class='ocrx_word' id='word_1_129' title='bbox 223 1962 275 2042; x_wconf 90' lang='lat' dir='ltr'><strong>qui</strong></span> <span class='ocrx_word' id='word_1_130' title='bbox 294 1962 473 2041; x_wconf 88' lang='lat' dir='ltr'><strong>religionem</strong></span> <span class='ocrx_word' id='word_1_131' title='bbox 488 1980 524 2023; x_wconf 89' lang='lat' dir='ltr'><strong>ac</strong></span> <span class='ocrx_word' id='word_1_132' title='bbox 542 1962 684 2042; x_wconf 87' lang='lat' dir='ltr'><strong>pietatem</strong></span> <span class='ocrx_word' id='word_1_133' title='bbox 701 1980 788 2025; x_wconf 84' lang='lat' dir='ltr'><strong>suam</strong></span> <span class='ocrx_word' id='word_1_134' title='bbox 808 1968 893 2023; x_wconf 89' lang='lat' dir='ltr'><strong>tanta</strong></span> <span class='ocrx_word' id='word_1_135' title='bbox 912 1961 942 2023; x_wconf 93' lang='lat' dir='ltr'><strong>in</strong></span> <span class='ocrx_word' id='word_1_136' title='bbox 965 1963 1026 2022; x_wconf 91' lang='lat' dir='ltr'><strong>Nos</strong></span> <span class='ocrx_word' id='word_1_137' title='bbox 1040 1961 1152 2023; x_wconf 89' lang='lat' dir='ltr'><strong>amoris</strong></span> <span class='ocrx_word' id='word_1_138' title='bbox 1165 1962 1372 2042; x_wconf 86' lang='lat' dir='ltr'><strong>magnitudine</strong></span> 
     </span>
     <span class='ocr_line' id='line_1_17' title="bbox 222 2058 1372 2140; baseline 0.003 -20"><span class='ocrx_word' id='word_1_139' title='bbox 222 2059 325 2139; x_wconf 87' lang='lat' dir='ltr'><strong>palam</strong></span> <span class='ocrx_word' id='word_1_140' title='bbox 338 2058 481 2120; x_wconf 91' lang='lat' dir='ltr'><strong>omnibus</strong></span> <span class='ocrx_word' id='word_1_141' title='bbox 495 2059 747 2139; x_wconf 83' lang='lat' dir='ltr'><strong>comprobaverit.</strong></span> <span class='ocrx_word' id='word_1_142' title='bbox 767 2063 836 2134; x_wconf 80' lang='lat' dir='ltr'><strong>Qum</strong></span> <span class='ocrx_word' id='word_1_143' title='bbox 849 2078 911 2140; x_wconf 90' lang='lat' dir='ltr'><strong>quo</strong></span> <span class='ocrx_word' id='word_1_144' title='bbox 922 2059 1063 2120; x_wconf 90' lang='lat' dir='ltr'><strong>illustrior</strong></span> <span class='ocrx_word' id='word_1_145' title='bbox 1077 2066 1125 2120; x_wconf 90' lang='lat' dir='ltr'><strong>est</strong></span> <span class='ocrx_word' id='word_1_146' title='bbox 1134 2078 1171 2121; x_wconf 89' lang='lat' dir='ltr'><strong>ac</strong></span> <span class='ocrx_word' id='word_1_147' title='bbox 1182 2061 1372 2140; x_wconf 78' lang='lat' dir='ltr'><strong>prestantior</strong></span> 
     </span>
     <span class='ocr_line' id='line_1_18' title="bbox 223 2153 1372 2237; baseline 0.004 -23"><span class='ocrx_word' id='word_1_148' title='bbox 223 2153 302 2216; x_wconf 88' lang='lat' dir='ltr'><strong>illius</strong></span> <span class='ocrx_word' id='word_1_149' title='bbox 313 2155 397 2233; x_wconf 91' lang='lat' dir='ltr'><strong>laus,</strong></span> <span class='ocrx_word' id='word_1_150' title='bbox 415 2173 452 2216; x_wconf 92' lang='lat' dir='ltr'><strong>eo</strong></span> <span class='ocrx_word' id='word_1_151' title='bbox 471 2155 591 2219; x_wconf 87' lang='lat' dir='ltr'><strong>uberior</strong></span> <span class='ocrx_word' id='word_1_152' title='bbox 604 2163 650 2219; x_wconf 82' lang='lat' dir='ltr'><strong>est</strong></span> <span class='ocrx_word' id='word_1_153' title='bbox 662 2157 753 2218; x_wconf 88' lang='lat' dir='ltr'><strong>etiam</strong></span> <span class='ocrx_word' id='word_1_154' title='bbox 763 2156 961 2235; x_wconf 82' lang='lat' dir='ltr'><strong>jucunditatis</strong></span> <span class='ocrx_word' id='word_1_155' title='bbox 980 2157 1094 2217; x_wconf 78' lang='lat' dir='ltr'><strong>Nostra</strong></span> <span class='ocrx_word' id='word_1_156' title='bbox 1103 2156 1181 2218; x_wconf 91' lang='lat' dir='ltr'><strong>ratio</strong></span> <span class='ocrx_word' id='word_1_157' title='bbox 1192 2175 1262 2219; x_wconf 92' lang='lat' dir='ltr'><strong>cum</strong></span> <span class='ocrx_word' id='word_1_158' title='bbox 1279 2176 1372 2237; x_wconf 90' lang='lat' dir='ltr'><strong>quem</strong></span> 
     </span>
     <span class='ocr_line' id='line_1_19' title="bbox 225 2254 1372 2336; baseline 0 -19"><span class='ocrx_word' id='word_1_159' title='bbox 225 2263 351 2336; x_wconf 88' lang='lat' dir='ltr'><strong>paterna</strong></span> <span class='ocrx_word' id='word_1_160' title='bbox 369 2255 494 2319; x_wconf 89' lang='lat' dir='ltr'><strong>caritate</strong></span> <span class='ocrx_word' id='word_1_161' title='bbox 515 2273 635 2336; x_wconf 84' lang='lat' dir='ltr'><strong>semper</strong></span> <span class='ocrx_word' id='word_1_162' title='bbox 653 2255 821 2335; x_wconf 88' lang='lat' dir='ltr'><strong>compleri,</strong></span> <span class='ocrx_word' id='word_1_163' title='bbox 844 2255 954 2335; x_wconf 88' lang='lat' dir='ltr'><strong>cuique</strong></span> <span class='ocrx_word' id='word_1_164' title='bbox 969 2254 1086 2333; x_wconf 83' lang='lat' dir='ltr'><strong>lausia,</strong></span> <span class='ocrx_word' id='word_1_165' title='bbox 1110 2254 1258 2334; x_wconf 87' lang='lat' dir='ltr'><strong>gloriosa,</strong></span> <span class='ocrx_word' id='word_1_166' title='bbox 1281 2262 1372 2336; x_wconf 85' lang='lat' dir='ltr'><strong>atque</strong></span> 
     </span>
     <span class='ocr_line' id='line_1_20' title="bbox 226 2350 1372 2433; baseline -0.003 -19"><span class='ocrx_word' id='word_1_167' title='bbox 226 2351 342 2432; x_wconf 89' lang='lat' dir='ltr'><strong>optima</strong></span> <span class='ocrx_word' id='word_1_168' title='bbox 356 2370 482 2433; x_wconf 80' lang='lat' dir='ltr'><strong>queque</strong></span> <span class='ocrx_word' id='word_1_169' title='bbox 499 2352 613 2432; x_wconf 88' lang='lat' dir='ltr'><strong>precati</strong></span> <span class='ocrx_word' id='word_1_170' title='bbox 628 2369 748 2429; x_wconf 91' lang='lat' dir='ltr'><strong>sumus,</strong></span> <span class='ocrx_word' id='word_1_171' title='bbox 763 2350 892 2413; x_wconf 89' lang='lat' dir='ltr'><strong>eundem</strong></span> <span class='ocrx_word' id='word_1_172' title='bbox 912 2350 1087 2431; x_wconf 89' lang='lat' dir='ltr'><strong>insignitum</strong></span> <span class='ocrx_word' id='word_1_173' title='bbox 1098 2368 1182 2428; x_wconf 88' lang='lat' dir='ltr'><strong>esse,</strong></span> <span class='ocrx_word' id='word_1_174' title='bbox 1204 2359 1295 2431; x_wconf 81' lang='lat' dir='ltr'><strong>atquc</strong></span> <span class='ocrx_word' id='word_1_175' title='bbox 1317 2368 1372 2411; x_wconf 92' lang='lat' dir='ltr'><strong>or-</strong></span> 
     </span>
     <span class='ocr_line' id='line_1_21' title="bbox 225 2446 1373 2531; baseline -0.002 -20"><span class='ocrx_word' id='word_1_176' title='bbox 225 2455 331 2511; x_wconf 88' lang='lat' dir='ltr'><strong>natum</strong></span> <span class='ocrx_word' id='word_1_177' title='bbox 343 2449 515 2529; x_wconf 77' lang='lat' dir='ltr'><strong>huiusmodi</strong></span> <span class='ocrx_word' id='word_1_178' title='bbox 527 2448 765 2531; x_wconf 75' lang='lat' dir='ltr'><strong>praecellentibus</strong></span> <span class='ocrx_word' id='word_1_179' title='bbox 783 2448 814 2509; x_wconf 90' lang='lat' dir='ltr'><strong>in</strong></span> <span class='ocrx_word' id='word_1_180' title='bbox 830 2447 993 2510; x_wconf 86' lang='lat' dir='ltr'><strong>Ecclesiam</strong></span> <span class='ocrx_word' id='word_1_181' title='bbox 1008 2446 1123 2509; x_wconf 87' lang='lat' dir='ltr'><strong>meritis</strong></span> <span class='ocrx_word' id='word_1_182' title='bbox 1136 2446 1301 2510; x_wconf 87' lang='lat' dir='ltr'><strong>videamus.</strong></span> <span class='ocrx_word' id='word_1_183' title='bbox 1314 2448 1373 2509; x_wconf 77' lang='lat' dir='ltr'><strong>Ve-</strong></span> 
     </span>
     <span class='ocr_line' id='line_1_22' title="bbox 223 2543 1372 2625; baseline 0.001 -21"><span class='ocrx_word' id='word_1_184' title='bbox 223 2562 293 2606; x_wconf 89' lang='lat' dir='ltr'><strong>rum</strong></span> <span class='ocrx_word' id='word_1_185' title='bbox 310 2545 506 2625; x_wconf 87' lang='lat' dir='ltr'><strong>amplioribus</strong></span> <span class='ocrx_word' id='word_1_186' title='bbox 518 2545 611 2608; x_wconf 89' lang='lat' dir='ltr'><strong>etiam</strong></span> <span class='ocrx_word' id='word_1_187' title='bbox 624 2544 744 2607; x_wconf 88' lang='lat' dir='ltr'><strong>extendi</strong></span> <span class='ocrx_word' id='word_1_188' title='bbox 755 2543 866 2606; x_wconf 85' lang='lat' dir='ltr'><strong>linibus</strong></span> <span class='ocrx_word' id='word_1_189' title='bbox 879 2543 987 2606; x_wconf 78' lang='lat' dir='ltr'><strong>letitiae</strong></span> <span class='ocrx_word' id='word_1_190' title='bbox 1003 2544 1117 2606; x_wconf 80' lang='lat' dir='ltr'><strong>Nostra</strong></span> <span class='ocrx_word' id='word_1_191' title='bbox 1131 2544 1262 2606; x_wconf 90' lang='lat' dir='ltr'><strong>rationes</strong></span> <span class='ocrx_word' id='word_1_192' title='bbox 1274 2543 1372 2605; x_wconf 89' lang='lat' dir='ltr'><strong>intue-</strong></span> 
     </span>
    </p>
   </div>
   <div class='ocr_carea' id='block_1_3' title="bbox 224 2641 1486 2723">
    <p class='ocr_par' dir='ltr' id='par_1_3' title="bbox 224 2641 1486 2723">
     <span class='ocr_line' id='line_1_23' title="bbox 224 2641 1486 2723; baseline 0 -19"><span class='ocrx_word' id='word_1_193' title='bbox 224 2661 302 2705; x_wconf 90' lang='lat' dir='ltr'><strong>mur.</strong></span> <span class='ocrx_word' id='word_1_194' title='bbox 317 2645 487 2707; x_wconf 84' lang='lat' dir='ltr'><strong>Gertissime</strong></span> <span class='ocrx_word' id='word_1_195' title='bbox 498 2645 580 2707; x_wconf 92' lang='lat' dir='ltr'><strong>enim</strong></span> <span class='ocrx_word' id='word_1_196' title='bbox 593 2643 790 2720; x_wconf 84' lang='lat' dir='ltr'><strong>confidimus,</strong></span> <span class='ocrx_word' id='word_1_197' title='bbox 805 2641 957 2723; x_wconf 85' lang='lat' dir='ltr'><strong>Vobisque</strong></span> <span class='ocrx_word' id='word_1_198' title='bbox 971 2641 1134 2722; x_wconf 90' lang='lat' dir='ltr'><strong>recipimus</strong></span> <span class='ocrx_word' id='word_1_199' title='bbox 1143 2641 1382 2704; x_wconf 87' lang='lat' dir='ltr'><strong>luculentiorem·</strong></span> <span class='ocrx_word' id='word_1_200' title='bbox 1483 2701 1486 2710; x_wconf 84' lang='grc'><strong>,</strong></span> 
     </span>
    </p>
   </div>
   <div class='ocr_carea' id='block_1_4' title="bbox 222 2737 1373 3208">
    <p class='ocr_par' dir='ltr' id='par_1_4' title="bbox 222 2737 1373 3208">
     <span class='ocr_line' id='line_1_24' title="bbox 224 2737 1372 2819; baseline -0.001 -19"><span class='ocrx_word' id='word_1_201' title='bbox 224 2737 355 2801; x_wconf 84' lang='lat' dir='ltr'><strong>loturam</strong></span> <span class='ocrx_word' id='word_1_202' title='bbox 368 2740 401 2801; x_wconf 90' lang='lat' dir='ltr'><strong>in</strong></span> <span class='ocrx_word' id='word_1_203' title='bbox 412 2740 492 2818; x_wconf 90' lang='lat' dir='ltr'><strong>dies,</strong></span> <span class='ocrx_word' id='word_1_204' title='bbox 505 2746 536 2802; x_wconf 90' lang='lat' dir='ltr'><strong>et</strong></span> <span class='ocrx_word' id='word_1_205' title='bbox 549 2740 708 2802; x_wconf 88' lang='lat' dir='ltr'><strong>clariorem</strong></span> <span class='ocrx_word' id='word_1_206' title='bbox 717 2738 890 2817; x_wconf 86' lang='lat' dir='ltr'><strong>hujusmodi</strong></span> <span class='ocrx_word' id='word_1_207' title='bbox 899 2738 1046 2819; x_wconf 90' lang='lat' dir='ltr'><strong>optimam</strong></span> <span class='ocrx_word' id='word_1_208' title='bbox 1055 2738 1206 2801; x_wconf 87' lang='lat' dir='ltr'><strong>Carissimi</strong></span> <span class='ocrx_word' id='word_1_209' title='bbox 1216 2740 1244 2800; x_wconf 92' lang='lat' dir='ltr'><strong>in</strong></span> <span class='ocrx_word' id='word_1_210' title='bbox 1255 2739 1372 2801; x_wconf 87' lang='lat' dir='ltr'><strong>Christo</strong></span> 
     </span>
     <span class='ocr_line' id='line_1_25' title="bbox 224 2831 1373 2915; baseline 0.001 -23"><span class='ocrx_word' id='word_1_211' title='bbox 224 2831 290 2892; x_wconf 86' lang='lat' dir='ltr'><strong>Filii</strong></span> <span class='ocrx_word' id='word_1_212' title='bbox 305 2832 406 2894; x_wconf 88' lang='lat' dir='ltr'><strong>Nostri</strong></span> <span class='ocrx_word' id='word_1_213' title='bbox 417 2852 490 2914; x_wconf 89' lang='lat' dir='ltr'><strong>erga</strong></span> <span class='ocrx_word' id='word_1_214' title='bbox 501 2835 563 2896; x_wconf 90' lang='lat' dir='ltr'><strong>Nos</strong></span> <span class='ocrx_word' id='word_1_215' title='bbox 577 2835 783 2911; x_wconf 84' lang='lat' dir='ltr'><strong>voluntatem,</strong></span> <span class='ocrx_word' id='word_1_216' title='bbox 797 2833 921 2915; x_wconf 85' lang='lat' dir='ltr'><strong>ejusque</strong></span> <span class='ocrx_word' id='word_1_217' title='bbox 934 2833 1038 2910; x_wconf 90' lang='lat' dir='ltr'><strong>novis,</strong></span> <span class='ocrx_word' id='word_1_218' title='bbox 1056 2839 1147 2914; x_wconf 89' lang='lat' dir='ltr'><strong>atque</strong></span> <span class='ocrx_word' id='word_1_219' title='bbox 1160 2834 1373 2896; x_wconf 88' lang='lat' dir='ltr'><strong>illustrioribus</strong></span> 
     </span>
     <span class='ocr_line' id='line_1_26' title="bbox 223 2929 1369 3014; baseline 0.003 -24"><span class='ocrx_word' id='word_1_220' title='bbox 223 2929 376 3010; x_wconf 84' lang='lat' dir='ltr'><strong>religionis</strong></span> <span class='ocrx_word' id='word_1_221' title='bbox 390 2950 427 2993; x_wconf 92' lang='lat' dir='ltr'><strong>ac</strong></span> <span class='ocrx_word' id='word_1_222' title='bbox 439 2932 557 3014; x_wconf 84' lang='lat' dir='ltr'><strong>pietatis</strong></span> <span class='ocrx_word' id='word_1_223' title='bbox 571 2932 773 3012; x_wconf 88' lang='lat' dir='ltr'><strong>argumentis,</strong></span> <span class='ocrx_word' id='word_1_224' title='bbox 787 2939 876 3012; x_wconf 85' lang='lat' dir='ltr'><strong>atque</strong></span> <span class='ocrx_word' id='word_1_225' title='bbox 888 2932 920 2992; x_wconf 93' lang='lat' dir='ltr'><strong>in</strong></span> <span class='ocrx_word' id='word_1_226' title='bbox 933 2931 1140 3011; x_wconf 83' lang='lat' dir='ltr'><strong>Apostolicam</strong></span> <span class='ocrx_word' id='word_1_227' title='bbox 1156 2932 1235 2993; x_wconf 89' lang='lat' dir='ltr'><strong>banc</strong></span> <span class='ocrx_word' id='word_1_228' title='bbox 1248 2932 1369 3007; x_wconf 89' lang='lat' dir='ltr'><strong>sedem,</strong></span> 
     </span>
     <span class='ocr_line' id='line_1_27' title="bbox 222 3027 1371 3105; baseline 0.003 -18"><span class='ocrx_word' id='word_1_229' title='bbox 222 3035 254 3088; x_wconf 87' lang='lat' dir='ltr'><strong>et</strong></span> <span class='ocrx_word' id='word_1_230' title='bbox 268 3029 299 3088; x_wconf 91' lang='lat' dir='ltr'><strong>in</strong></span> <span class='ocrx_word' id='word_1_231' title='bbox 322 3029 490 3092; x_wconf 85' lang='lat' dir='ltr'><strong>universam</strong></span> <span class='ocrx_word' id='word_1_232' title='bbox 509 3029 674 3092; x_wconf 86' lang='lat' dir='ltr'><strong>Ecclesiam</strong></span> <span class='ocrx_word' id='word_1_233' title='bbox 694 3030 811 3092; x_wconf 90' lang='lat' dir='ltr'><strong>meritis</strong></span> <span class='ocrx_word' id='word_1_234' title='bbox 823 3031 885 3091; x_wconf 89' lang='lat' dir='ltr'><strong>Nos</strong></span> <span class='ocrx_word' id='word_1_235' title='bbox 904 3047 965 3091; x_wconf 91' lang='lat' dir='ltr'><strong>una</strong></span> <span class='ocrx_word' id='word_1_236' title='bbox 982 3027 1163 3105; x_wconf 82' lang='lat' dir='ltr'><strong>Vobiscum,</strong></span> <span class='ocrx_word' id='word_1_237' title='bbox 1180 3029 1371 3091; x_wconf 86' lang='lat' dir='ltr'><strong>Venerabilcs</strong></span> 
     </span>
     <span class='ocr_line' id='line_1_28' title="bbox 224 3127 782 3208; baseline 0.004 -23"><span class='ocrx_word' id='word_1_238' title='bbox 224 3127 360 3203; x_wconf 83' lang='lat' dir='ltr'><strong>Fratres,</strong></span> <span class='ocrx_word' id='word_1_239' title='bbox 376 3145 443 3189; x_wconf 90' lang='lat' dir='ltr'><strong>esse</strong></span> <span class='ocrx_word' id='word_1_240' title='bbox 456 3132 603 3208; x_wconf 89' lang='lat' dir='ltr'><strong>perpetuo</strong></span> <span class='ocrx_word' id='word_1_241' title='bbox 623 3127 782 3190; x_wconf 71' lang='lat' dir='ltr'><strong>laetaturos.</strong></span> 
     </span>
    </p>
   </div>
   <div class='ocr_carea' id='block_1_5' title="bbox 736 3356 850 3429">
    <p class='ocr_par' dir='ltr' id='par_1_5' title="bbox 736 3356 850 3429">
     <span class='ocr_line' id='line_1_29' title="bbox 736 3356 850 3429; baseline -0.009 -1"><span class='ocrx_word' id='word_1_242' title='bbox 736 3356 850 3429; x_wconf 82' lang='lat' dir='ltr'><strong>xclll.</strong></span> 
     </span>
    </p>
   </div>
   <div class='ocr_carea' id='block_1_6' title="bbox 483 3516 1115 3561">
    <p class='ocr_par' dir='ltr' id='par_1_6' title="bbox 483 3516 1115 3561">
     <span class='ocr_line' id='line_1_30' title="bbox 483 3516 1115 3561; baseline 0.005 -3"><span class='ocrx_word' id='word_1_243' title='bbox 483 3516 650 3559; x_wconf 68' lang='lat' dir='ltr'><strong>missili)</strong></span> <span class='ocrx_word' id='word_1_244' title='bbox 675 3517 709 3558; x_wconf 81' lang='lat' dir='ltr'><strong>nt</strong></span> <span class='ocrx_word' id='word_1_245' title='bbox 732 3517 867 3560; x_wconf 68' lang='lat' dir='ltr'><strong>cultrato</strong></span> <span class='ocrx_word' id='word_1_246' title='bbox 889 3517 975 3560; x_wconf 67' lang='lat' dir='ltr'><strong>eluto</strong></span> <span class='ocrx_word' id='word_1_247' title='bbox 998 3517 1115 3561; x_wconf 69' lang='lat' dir='ltr'>NOSTBO</span> 
     </span>
    </p>
   </div>
   <div class='ocr_carea' id='block_1_7' title="bbox 379 3622 1219 3799">
    <p class='ocr_par' dir='ltr' id='par_1_7' title="bbox 379 3622 1219 3799">
     <span class='ocr_line' id='line_1_31' title="bbox 379 3622 1219 3687; baseline 0.002 -3"><span class='ocrx_word' id='word_1_248' title='bbox 379 3623 545 3685; x_wconf 76' lang='lat' dir='ltr'><strong>tosm‘lto</strong></span> <span class='ocrx_word' id='word_1_249' title='bbox 565 3622 848 3687; x_wconf 76' lang='lat' dir='ltr'><strong>PORTUGALLIAE</strong></span> <span class='ocrx_word' id='word_1_250' title='bbox 868 3624 917 3686; x_wconf 84' lang='grc' dir='ltr'><strong>ΕΤ</strong></span> <span class='ocrx_word' id='word_1_251' title='bbox 938 3624 1219 3686; x_wconf 70' lang='lat' dir='ltr'><strong>aculeatorum</strong></span> 
     </span>
     <span class='ocr_line' id='line_1_32' title="bbox 653 3749 941 3799; baseline 0 -1"><span class='ocrx_word' id='word_1_252' title='bbox 653 3750 725 3798; x_wconf 83' lang='lat' dir='ltr'><strong>REGI</strong></span> <span class='ocrx_word' id='word_1_253' title='bbox 741 3749 941 3799; x_wconf 72' lang='lat' dir='ltr'><strong>mullssltto</strong></span> 
     </span>
    </p>
   </div>
   <div class='ocr_carea' id='block_1_8' title="bbox 531 3851 1054 3934">
    <p class='ocr_par' dir='ltr' id='par_1_8' title="bbox 531 3851 1054 3934">
     <span class='ocr_line' id='line_1_33' title="bbox 531 3851 1054 3934; baseline -0.002 -5"><span class='ocrx_word' id='word_1_254' title='bbox 531 3852 765 3934; x_wconf 88' lang='lat' dir='ltr'>CLEMENS</span> <span class='ocrx_word' id='word_1_255' title='bbox 792 3854 920 3930; x_wconf 85' lang='lat' dir='ltr'>PAPA</span> <span class='ocrx_word' id='word_1_256' title='bbox 948 3851 1054 3929; x_wconf 89' lang='lat' dir='ltr'><strong>XIV.</strong></span> 
     </span>
    </p>
   </div>
   <div class='ocr_carea' id='block_1_9' title="bbox 989 4000 1304 4062">
    <p class='ocr_par' dir='ltr' id='par_1_9' title="bbox 989 4000 1304 4062">
     <span class='ocr_line' id='line_1_34' title="bbox 989 4000 1304 4062; baseline -0.013 -13"><span class='ocrx_word' id='word_1_257' title='bbox 989 4002 1086 4059; x_wconf 83' lang='lat' dir='ltr'><strong>ltomar,</strong></span> <span class='ocrx_word' id='word_1_258' title='bbox 1099 4000 1219 4062; x_wconf 80' lang='lat' dir='ltr'><strong>caugusti</strong></span> <span class='ocrx_word' id='word_1_259' title='bbox 1236 4001 1304 4048; x_wconf 80' lang='lat'><strong>1770.</strong></span> 
     </span>
    </p>
   </div>
   <div class='ocr_carea' id='block_1_10' title="bbox 144 4095 1400 4578">
    <p class='ocr_par' dir='ltr' id='par_1_10' title="bbox 144 4095 1400 4578">
     <span class='ocr_line' id='line_1_35' title="bbox 265 4095 1367 4190; baseline -0.001 -24"><span class='ocrx_word' id='word_1_260' title='bbox 265 4105 441 4179; x_wconf 64' lang='lat' dir='ltr'><strong>merome,</strong></span> <span class='ocrx_word' id='word_1_261' title='bbox 460 4095 516 4168; x_wconf 78' lang='lat' dir='ltr'><strong>etc.</strong></span> <span class='ocrx_word' id='word_1_262' title='bbox 533 4107 668 4181; x_wconf 87' lang='lat' dir='ltr'><strong>Litteris,</strong></span> <span class='ocrx_word' id='word_1_263' title='bbox 681 4127 757 4190; x_wconf 88' lang='lat' dir='ltr'><strong>quas</strong></span> <span class='ocrx_word' id='word_1_264' title='bbox 769 4127 864 4189; x_wconf 89' lang='lat' dir='ltr'><strong>nuper</strong></span> <span class='ocrx_word' id='word_1_265' title='bbox 876 4106 1065 4189; x_wconf 88' lang='lat' dir='ltr'><strong>accepimus,</strong></span> <span class='ocrx_word' id='word_1_266' title='bbox 1078 4105 1219 4169; x_wconf 87' lang='lat' dir='ltr'><strong>certiores</strong></span> <span class='ocrx_word' id='word_1_267' title='bbox 1227 4104 1288 4166; x_wconf 88' lang='lat' dir='ltr'><strong>Nos</strong></span> <span class='ocrx_word' id='word_1_268' title='bbox 1297 4101 1367 4166; x_wconf 88' lang='lat' dir='ltr'><strong>lecit</strong></span> 
     </span>
     <span class='ocr_line' id='line_1_36' title="bbox 224 4197 1367 4284; baseline 0.004 -26"><span class='ocrx_word' id='word_1_269' title='bbox 224 4197 368 4263; x_wconf 85' lang='lat' dir='ltr'><strong>adventus</strong></span> <span class='ocrx_word' id='word_1_270' title='bbox 379 4201 410 4262; x_wconf 91' lang='lat' dir='ltr'><strong>in</strong></span> <span class='ocrx_word' id='word_1_271' title='bbox 422 4211 508 4264; x_wconf 87' lang='lat' dir='ltr'><strong>tuam</strong></span> <span class='ocrx_word' id='word_1_272' title='bbox 529 4203 655 4284; x_wconf 85' lang='lat' dir='ltr'><strong>Regiam</strong></span> <span class='ocrx_word' id='word_1_273' title='bbox 671 4205 776 4266; x_wconf 89' lang='lat' dir='ltr'><strong>urbem</strong></span> <span class='ocrx_word' id='word_1_274' title='bbox 795 4204 841 4266; x_wconf 90' lang='lat' dir='ltr'><strong>sui</strong></span> <span class='ocrx_word' id='word_1_275' title='bbox 855 4203 1041 4269; x_wconf 86' lang='lat' dir='ltr'><strong>Venerabilis</strong></span> <span class='ocrx_word' id='word_1_276' title='bbox 1055 4206 1157 4265; x_wconf 62' lang='lat' dir='ltr'><strong>mater</strong></span> <span class='ocrx_word' id='word_1_277' title='bbox 1178 4200 1367 4263; x_wconf 87' lang='lat' dir='ltr'><strong>innocentius</strong></span> 
     </span>
     <span class='ocr_line' id='line_1_37' title="bbox 144 4294 1366 4383; baseline 0.007 -30"><span class='ocrx_word' id='word_1_278' title='bbox 144 4373 146 4375; x_wconf 66' lang='lat'>‚</span> <span class='ocrx_word' id='word_1_279' title='bbox 221 4294 471 4380; x_wconf 66' lang='lat' dir='ltr'><strong>archiepiscopos</strong></span> <span class='ocrx_word' id='word_1_280' title='bbox 482 4301 551 4382; x_wconf 75' lang='lat' dir='ltr'><strong>Tyri</strong></span> <span class='ocrx_word' id='word_1_281' title='bbox 567 4309 668 4364; x_wconf 89' lang='lat' dir='ltr'><strong>noster</strong></span> <span class='ocrx_word' id='word_1_282' title='bbox 678 4309 708 4363; x_wconf 89' lang='lat' dir='ltr'><strong>et</strong></span> <span class='ocrx_word' id='word_1_283' title='bbox 721 4302 899 4383; x_wconf 66' lang='lat' dir='ltr'><strong>apostolica</strong></span> <span class='ocrx_word' id='word_1_284' title='bbox 911 4302 995 4365; x_wconf 89' lang='lat' dir='ltr'><strong>Sedis</strong></span> <span class='ocrx_word' id='word_1_285' title='bbox 1008 4302 1117 4364; x_wconf 88' lang='lat' dir='ltr'><strong>missus</strong></span> <span class='ocrx_word' id='word_1_286' title='bbox 1129 4300 1167 4361; x_wconf 90' lang='lat' dir='ltr'><strong>ad</strong></span> <span class='ocrx_word' id='word_1_287' title='bbox 1179 4299 1366 4377; x_wconf 87' lang='lat' dir='ltr'><strong>Majestatem</strong></span> 
     </span>
     <span class='ocr_line' id='line_1_38' title="bbox 222 4392 1366 4482; baseline -0.001 -23"><span class='ocrx_word' id='word_1_288' title='bbox 222 4392 319 4459; x_wconf 88' lang='lat' dir='ltr'><strong>Tuam</strong></span> <span class='ocrx_word' id='word_1_289' title='bbox 332 4394 504 4460; x_wconf 90' lang='lat' dir='ltr'><strong>Ordiuarius</strong></span> <span class='ocrx_word' id='word_1_290' title='bbox 516 4400 666 4476; x_wconf 87' lang='lat' dir='ltr'><strong>Nuncius,</strong></span> <span class='ocrx_word' id='word_1_291' title='bbox 683 4418 803 4481; x_wconf 85' lang='lat' dir='ltr'><strong>unaque</strong></span> <span class='ocrx_word' id='word_1_292' title='bbox 813 4401 970 4481; x_wconf 86' lang='lat' dir='ltr'><strong>diligenter</strong></span> <span class='ocrx_word' id='word_1_293' title='bbox 982 4398 1170 4482; x_wconf 84' lang='lat' dir='ltr'><strong>perscripsit,</strong></span> <span class='ocrx_word' id='word_1_294' title='bbox 1180 4417 1221 4461; x_wconf 82' lang='lat' dir='ltr'><strong>ex</strong></span> <span class='ocrx_word' id='word_1_295' title='bbox 1235 4415 1296 4478; x_wconf 89' lang='lat' dir='ltr'><strong>quo</strong></span> <span class='ocrx_word' id='word_1_296' title='bbox 1306 4404 1366 4479; x_wconf 90' lang='lat' dir='ltr'><strong>prl-</strong></span> 
     </span>
     <span class='ocr_line' id='line_1_39' title="bbox 221 4492 1400 4578; baseline 0.003 -26"><span class='ocrx_word' id='word_1_297' title='bbox 221 4509 308 4554; x_wconf 91' lang='lat' dir='ltr'><strong>mum</strong></span> <span class='ocrx_word' id='word_1_298' title='bbox 318 4492 427 4577; x_wconf 87' lang='lat' dir='ltr'><strong>pedem</strong></span> <span class='ocrx_word' id='word_1_299' title='bbox 441 4495 472 4557; x_wconf 89' lang='lat' dir='ltr'><strong>in</strong></span> <span class='ocrx_word' id='word_1_300' title='bbox 489 4503 575 4560; x_wconf 88' lang='lat' dir='ltr'><strong>tuom</strong></span> <span class='ocrx_word' id='word_1_301' title='bbox 591 4500 725 4578; x_wconf 87' lang='lat' dir='ltr'><strong>Regnum</strong></span> <span class='ocrx_word' id='word_1_302' title='bbox 741 4499 905 4572; x_wconf 86' lang='lat' dir='ltr'><strong>intulisset,</strong></span> <span class='ocrx_word' id='word_1_303' title='bbox 920 4498 1011 4559; x_wconf 91' lang='lat' dir='ltr'><strong>tantis</strong></span> <span class='ocrx_word' id='word_1_304' title='bbox 1024 4502 1183 4576; x_wconf 82' lang='lat' dir='ltr'><strong>exceptum</strong></span> <span class='ocrx_word' id='word_1_305' title='bbox 1198 4495 1289 4559; x_wconf 87' lang='lat' dir='ltr'><strong>luisse</strong></span> <span class='ocrx_word' id='word_1_306' title='bbox 1306 4495 1366 4556; x_wconf 79' lang='lat' dir='ltr'><strong>lto-</strong></span> <span class='ocrx_word' id='word_1_307' title='bbox 1398 4501 1400 4505; x_wconf 81' lang='grc'>’</span> 
     </span>
    </p>
   </div>
   <div class='ocr_carea' id='block_1_11' title="bbox 0 0 1602 5354">
    <p class='ocr_par' dir='ltr' id='par_1_11' title="bbox 0 0 1602 5354">
     <span class='ocr_line' id='line_1_40' title="bbox 0 0 1602 5354; baseline 0 0"><span class='ocrx_word' id='word_1_308' title='bbox 0 0 1602 5354; x_wconf 95' lang='lat' dir='ltr'><strong> </strong></span> 
     </span>
    </p>
   </div>
  </div>
 </body>
</html>
