3194 5354
378 463 559 518 EPlSTOLAE
577 462 623 518 ΕΤ
641 462 774 520 suevis
794 465 1028 523 setscxlonx.
1229 475 1278 526 117

127 570 157 631 in
175 577 204 632 te
222 569 356 631 animum
373 567 546 648 gerentibm
565 566 642 628 mira
660 567 810 648 prolecto,
829 575 860 628 et
873 570 1043 631 communis
1058 587 1129 631 oum
1153 572 1279 636 Parente

127 674 195 743 tuo,
207 685 243 728 ao
255 684 331 746 pene
342 684 398 746 par
406 664 507 726 existit
514 664 699 743 jucunditas.
714 665 799 727 Habe
808 666 909 744 igitur,
921 665 1113 729 dilectissimo
1122 668 1151 728 in
1162 670 1278 735 Christo

127 765 169 826 fili
186 770 298 841 noster,
321 762 493 842 hujusmodi
519 744 681 826 Pontificis
697 782 769 843 erga
789 769 819 824 te
837 764 1001 826 voluntatis
1016 783 1137 827 ssorum
1152 767 1211 828 boc
1229 768 1279 848 pi-

126 881 222 943 gnus,
235 868 354 943 tuaque
370 861 399 923 in
416 863 529 938 Deum,
545 879 580 922 ao
603 861 634 922 in
648 863 772 923 Beatam
787 862 939 941 Virginem
956 864 1061 944 pietati
1076 868 1275 930 consentiens.

126 964 221 1039 Quom
234 961 378 1042 pietatem
387 967 488 1036 tuam,
499 966 533 1023 ut
541 977 597 1039 pro
611 967 714 1021 nostra
728 958 872 1023 facultate
885 960 1042 1028 foveamus
1050 963 1166 1042 magis,
1179 964 1277 1028 eidem

127 1056 263 1137 imagini,
277 1076 339 1138 quo
353 1057 503 1137 acceptior
514 1054 569 1117 tibi
587 1074 651 1119 esse
662 1056 773 1137 possit,
788 1058 919 1121 salutare
931 1067 1040 1121 nostre
1061 1059 1277 1125 benedictionis

124 1156 258 1234 pretium
277 1155 487 1237 adjunximus,
513 1173 549 1217 ac
569 1150 640 1232 tibi,
665 1173 783 1235 unaque
802 1154 1002 1218 dilectissima
1022 1156 1052 1219 in
1071 1155 1189 1223 Christo
1210 1158 1277 1220 lilios

124 1261 230 1315 nostris
243 1254 374 1335 Alopsiae
384 1254 486 1315 blariae
496 1253 687 1315 Asturiarum
697 1253 883 1333 Principisse
896 1255 1016 1334 conjugi
1029 1260 1102 1332 tum,
1114 1255 1165 1318 mii
1180 1257 1277 1337 pluri-

124 1366 206 1411 mam
227 1350 257 1412 in
279 1350 408 1415 Domino
422 1351 551 1412 salutem
571 1349 717 1427 dicimus,
735 1368 791 1430 pro
816 1348 958 1413 omnibus
977 1351 1084 1414 Christi
1106 1353 1225 1414 Domini
1239 1373 1275 1417 ao

123 1446 159 1505 ll.
173 1446 214 1507 Μ.
229 1449 266 1508 V.
282 1446 364 1509 lestis
377 1447 500 1524 diebus,
517 1465 552 1507 ec
572 1446 690 1526 quoties
705 1444 834 1513 confessi
849 1454 881 1508 et
894 1465 982 1509 sacra
994 1448 1209 1511 communione
1224 1469 1276 1512 re-

122 1538 191 1603 lecti
206 1560 310 1606 ooram
324 1543 431 1606 eadem
443 1543 573 1622 imagine
584 1539 773 1623 precationes
782 1549 896 1605 vestras
908 1543 1017 1605 devote
1028 1542 1174 1623 fuderitis,
1186 1546 1275 1609 toties

122 1643 156 1698 11
177 1638 343 1718 plenariam
365 1646 561 1722 peccatorum
579 1638 796 1718 indulgentiam
815 1639 925 1701 lucrari
939 1640 1079 1720 possitis,
1100 1642 1275 1721 Apostolica

123 1741 300 1804 auctoritate
314 1741 509 1803 concedimus
533 1757 569 1802 ac
581 1737 737 1817 largimur.
764 1740 797 1799 ln
818 1736 990 1817 hujusmodi
1014 1737 1273 1803 obsecrationibus

122 1839 226 1901 vestris
235 1839 359 1901 minime
373 1838 500 1900 dubium
512 1853 577 1898 esse
588 1833 679 1899 Nobis
688 1839 799 1915 potest,
809 1833 883 1915 quin
891 1834 986 1896 nostri
996 1834 1107 1912 etiam,
1119 1836 1272 1898 1181111-

121 1943 230 1999 sauctae
251 1936 303 1999 Dei
326 1936 466 1998 Ecclesiae
482 1951 632 1997 memores
652 1949 717 1994 esse
743 1950 800 2013 pro
823 1937 923 1994 restra
944 1931 1098 2012 religione.
1111 1931 1269 1995 studeatis.

120 2030 196 2095 lllud
209 2032 338 2095 invicem
350 2032 436 2093 vobis
450 2047 628 2113 persuasum
642 2046 707 2093 esse
723 2028 854 2091 maxime
868 2027 973 2106 debet,
990 2046 1147 2110 nunquam
1160 2031 1221 2093 Nos
1233 2030 1272 2091 ad

119 2130 215 2192 Deum
228 2136 299 2191 vota
312 2149 368 2211 pro
391 2136 490 2191 vestra
503 2127 643 2191 felicitate
657 2125 854 2189 intermittere
861 2149 871 2204 5
886 2132 976 2207 atque
990 2126 1064 2188 illud
1079 2125 1271 2207 potissimum

118 2233 224 2307 optare
244 2235 335 2309 atque
347 2245 451 2304 orare,
467 2233 501 2290 ut
513 2223 666 2309 procreari
679 2242 697 2287 a
711 2222 797 2285 vobis
810 2222 935 2286 Liberos
948 2224 979 2284 in
992 2230 1110 2286 tantam
1125 2224 1272 2305 amplissi-

118 2341 240 2385 morum
260 2326 433 2405 Regnorum
447 2321 669 2396 hereditatem,
688 2337 723 2381 ac
745 2318 910 2380 maximam
930 2319 1044 2402 publici
1055 2319 1127 2383 boni
1140 2340 1224 2403 spem
1242 2329 1272 2384 et

118 2419 271 2482 fortunam
293 2419 538 2503 quamprimum
559 2418 619 2480 Nos
643 2416 753 2494 laetari,
776 2417 978 2498 gratularique
999 2418 1155 2483 vobiscum
1170 2421 1271 2502 possi-

118 2535 202 2596 mus;
217 2537 252 2581 ac
266 2537 402 2582 summas
414 2518 526 2582 idcirco
541 2524 631 2599 atque
646 2515 830 2578 immortales
841 2518 903 2578 Deo
917 2518 951 2578 0.
972 2519 1014 2578 Μ.
1030 2519 1143 2598 gratias
1155 2517 1271 2581 refera-

118 2632 196 2677 mus.
211 2619 309 2698 Atque
323 2618 414 2698 hujus
433 2617 526 2682 divini
540 2614 677 2679 beneficii
692 2613 847 2695 auspicem
869 2615 1066 2696 apostolicam
1081 2616 1272 2679 benedictio—
1317 2683 1319 2688 Α

117 2731 187 2777 nem
214 2716 284 2794 tibi,
304 2716 497 2781 dilectissime
512 2715 543 2778 in
563 2715 680 2777 Christo
703 2713 744 2777 lili
766 2718 879 2790 noster,
898 2721 1016 2795 tueque
1037 2715 1127 2794 regiae
1148 2717 1269 2796 conjugi

117 2814 322 2877 amantissime
337 2816 536 2898 impertimur.
553 2817 668 2876 11111111
680 2813 793 2888 Rome,
813 2821 884 2882 eto,
901 2823 936 2874 18
950 2815 1062 2890 aprilis
1075 2823 1162 2889 1111,
1169 2819 1271 2893 poieti—

116 2915 223 2984 ticotm
239 2920 335 2974 nostri
354 2933 434 2975 oeno
450 2912 591 2973 secando.

603 3030 785 3042 fl———m

604 3135 778 3206 cxxxiv.
864 3090 866 3095 ’

347 3289 570 3336 bruscnlssnlo
593 3293 626 3334 ΙΝ
649 3293 782 3337 euulsro
808 3291 895 3337 sitio
920 3293 1038 3339 NOSTRO

296 3398 563 3460 delMlLlANO
586 3400 761 3461 108111110-
775 3399 866 3463 DUCl
888 3400 1091 3472 BAVARIAE,

461 3525 486 3572 s.
503 3525 533 3573 x.
550 3524 572 3574 1.
591 3524 731 3573 remorer
749 3523 919 3581 11111111,

429 3628 666 3706 CLEMENS
693 3627 816 3707 ΡᾹΡΑ
848 3628 952 3706 XIV.

933 3781 1022 3838 Rome,
1038 3773 1120 3838 lmaji
1137 3778 1193 3827 1771

161 3878 372 3955 Dilectissimo,
389 3891 445 3946 etc.
462 3884 580 3947 littera}
602 3893 660 3947 luae
679 3880 716 3945 ad
732 3881 793 3945 Nos
807 3882 855 3945 die
870 3881 909 3944 lx
929 3882 1027 3947 Martii
1046 3879 1122 3944 datu
1141 3874 1279 3944 mirificis

115 3973 304 4055 jucunditate
316 3981 451 4043 animum
465 3989 600 4043 nostrum
616 3979 799 4057 olfecerunt;
815 3979 898 4041 exiis
915 3979 995 4042 enim
1008 3979 1164 4061 perspicue
1178 3979 1268 4041 inlel-

119 4074 257 4151 leximus,
270 4094 335 4158 qun
347 4085 400 4139 tus
410 4077 447 4139 sit
457 4078 494 4139 de
508 4085 611 4139 nostra
625 4096 695 4158 erga
710 4086 739 4139 te
751 4085 877 4160 paterna
891 4077 1032 4159 singulari
1047 4077 1171 4140 caritate
1187 4077 1268 4136 lidu-

118 4175 185 4249 cia,
200 4194 351 4256 quemquo
364 4173 418 4239 tibi
433 4177 615 4258 persuadeas
630 4176 714 4240 cordi
734 4177 826 4240 Nobis
841 4177 971 4239 maxime
991 4195 1056 4237 esse
1072 4192 1268 4259 quecumque

120 4269 159 4330 ad
180 4277 225 4348 te,
241 4280 359 4352 tumque
380 4272 486 4335 inclite
508 4276 682 4337 Electoralis
708 4279 819 4337 Domus
838 4274 1012 4354 dignitatem
1032 4270 1199 4351 pertinent,
1218 4273 1267 4335 cni

119 4374 239 4428 tantum
250 4369 349 4444 abest,
362 4377 395 4430 11
408 4372 572 4452 quidquam
584 4373 752 4434 detractum
765 4371 901 4448 velimus,
917 4378 950 4431 ut
964 4368 1146 4431 ornatiorem
1159 4369 1267 4433 indies

117 4464 257 4527 eumdem
283 4466 347 4527 sieri
370 4487 404 4530 ac
429 4469 632 4531 tlorrntiorrm'
653 4471 820 4550 cupiamus.
841 4468 1050 4533 Gratissimum
1068 4467 1157 4545 igitur
1175 4469 1267 4529 Nobis

1114 4580 1156 4629 10.
