3194 5354
320 527 372 576 886
750 521 953 576 CLEMENTIS
971 523 1036 578 XlV

360 641 388 688 a.
408 629 472 688 lloe
487 626 584 706 ipsum
597 626 705 705 potiori
722 625 853 705 quadam
867 626 982 688 ratione
996 626 1088 687 Nobis
1105 625 1246 688 divinitus
1262 625 1408 688 traditum
1420 648 1473 690 rc-

318 723 533 786 conciliationis
547 722 690 799 verbum,
704 729 736 782 et
749 721 964 800 ministerium,
979 722 1031 783 nbi
1046 721 1193 802 primum,
1214 721 1330 783 nreritis
1344 741 1474 804 morsus

318 821 501 901 imparibus,
519 820 614 882 evecti
632 818 744 882 luimus
759 819 798 882 ed
811 819 890 881 banc
900 820 979 882 Petri
993 820 1119 896 Sedem,
1135 819 1165 882 in
1185 821 1364 885 memoriam
1380 843 1472 887 revo-

316 918 470 993 cavimus,
490 916 559 993 die,
582 922 733 995 noctuque
757 935 818 996 prae
837 915 933 978 oculis
953 915 1134 994 babuimus,
1153 916 1298 998 cordique
1324 918 1472 983 altissime

316 1014 493 1095 inscriptum
513 1019 668 1093 gerentes,
685 1011 713 1073 ei
732 1031 787 1092 pro
809 1013 921 1076 viribus
939 1012 1111 1080 satisfacere
1131 1012 1361 1091 contendimus,
1385 1015 1471 1079 divi-

316 1128 388 1173 nam
401 1109 439 1173 ad
451 1109 482 1171 id
494 1127 584 1192 opem
597 1108 713 1173 assidue
722 1109 932 1190 implorantes,
946 1118 980 1171 ut
992 1108 1206 1189 mgitationas,
1223 1116 1255 1170 et
1267 1110 1393 1174 consilia
1408 1131 1470 1192 pa-

315 1207 359 1271 cis
375 1207 486 1284 Nobis,
502 1212 533 1268 et
545 1205 683 1269 universo
695 1206 851 1270 bmninico
862 1207 944 1288 gregi
963 1210 1040 1270 Deus
1057 1205 1214 1269 infundere
1226 1205 1412 1286 dignaretur,
1427 1209 1468 1271 ad

315 1322 442 1383 eantque
464 1302 706 1384 consequendam
726 1304 909 1369 tutissimum
929 1305 1037 1383 Nobis,
1059 1304 1325 1386 linnissimumque
1347 1305 1467 1368 editum

315 1414 458 1460 reseram.
471 1397 609 1473 Quinimo
618 1396 713 1477 probe
721 1396 859 1477 scientes,
868 1397 970 1462 divino
977 1399 1039 1463 Nos
1046 1398 1171 1462 oonsilio
1181 1399 1360 1461 constitutos
1370 1398 1468 1462 luisse

314 1512 405 1575 super
416 1504 531 1575 gentes,
548 1502 579 1556 et
592 1513 682 1576 super
693 1513 803 1574 regna,
816 1503 849 1559 ut
862 1496 891 1559 in
902 1496 1066 1560 excolenda
1078 1496 1165 1559 vinea
1178 1495 1310 1559 Sabaoth
1323 1540 1332 1572 ,
1343 1513 1467 1558 conser-

314 1591 472 1674 vandoqua
483 1593 655 1657 Christiana
667 1593 829 1673 Religionis
840 1594 982 1671 edificio,
999 1596 1085 1674 cvrjus
1107 1595 1243 1659 Christus
1252 1602 1298 1658 est
1310 1598 1468 1675 augularis

255 1748 262 1755 .
314 1689 406 1770 lapis,
424 1691 603 1768 evellamus,
621 1696 654 1753 et
670 1688 879 1767 destruamus,
896 1698 927 1754 et
945 1689 1171 1771 disperdamus,
1186 1696 1216 1752 et
1229 1689 1420 1770 dissipemus,
1433 1703 1467 1755 et

312 1788 505 1864 edificemus,
519 1789 739 1869 cruentemus,
753 1808 790 1852 eo
802 1808 921 1871 semper
932 1789 1045 1854 fuimus
1058 1790 1177 1866 animo,
1191 1790 1399 1871 constantique
1411 1812 1466 1854 vo

312 1884 444 1961 mutate,
456 1890 489 1946 ut
501 1882 758 1964 quemadmodum
768 1903 825 1965 pro
835 1885 1007 1949 Christiana
1018 1885 1199 1966 Reipublice
1210 1885 1310 1966 quiete
1319 1930 1328 1963 ,
1338 1893 1370 1948 et
1382 1895 1467 1950 tran·

312 1980 460 2062 quillitate
473 1981 545 2043 nihil
561 1981 683 2045 aNobis
694 1981 985 2062 pretermittendum
998 2001 1064 2046 esse
1076 1982 1266 2060 censuimus,
1276 1982 1359 2063 quod
1378 1985 1467 2064 plan-

312 2077 422 2157 tando,
433 2077 667 2169 edificandoque
679 2085 758 2141 esset
769 2078 875 2159 quovis
888 2079 981 2145 modo
994 2078 1273 2157 accommodatum
1288 2079 1343 2157 ita,
1354 2081 1466 2144 eodern

240 2183 244 2190 '
312 2185 426 2242 mutue
435 2178 590 2243 charitatis
601 2178 720 2243 vinculo
731 2176 1466 2260 expostulante,adevellendum,destruendum·

311 2290 371 2353 que
389 2274 536 2355 quidquid
552 2274 803 2354 jucundissimum
816 2274 908 2338 etiam
920 2274 1013 2337 Nobis
1025 2281 1103 2336 esset
1112 2320 1121 2351 ,
1135 2281 1224 2355 atque
1235 2275 1463 2356 gratissimum,

311 2379 343 2431 et
354 2391 416 2451 quo
435 2391 538 2434 carere
552 2372 676 2434 minime
690 2392 848 2453 possemus
859 2373 923 2435 sine
937 2373 1070 2436 maxima
1086 2372 1177 2436 animi
1190 2372 1328 2438 molestia
1336 2418 1345 2450 ,
1360 2381 1392 2437 et
1405 2375 1467 2437 do-

311 2466 386 2541 lore,
396 2469 529 2551 prompti
545 2488 628 2552 seque
641 2489 790 2548 essemus,
806 2476 897 2554 atque
910 2472 1019 2555 parati.

354 2575 383 2624 ³.
404 2566 470 2626 Non
493 2571 539 2627 est
554 2585 626 2628 sane
644 2567 873 2648 ambigendum,
891 2587 929 2634 ea
949 2568 1106 2649 interque
1124 2566 1162 2628 ad
1176 2567 1334 2629 Catholica
1349 2569 1464 2647 Reipu-

310 2659 395 2722 blica
416 2662 549 2738 bonum,
573 2662 804 2744 felicitatemque
830 2665 1066 2748 comparandam
1089 2664 1251 2747 plurimum
1281 2663 1463 2740 conferunt,

309 2759 476 2841 principem
487 2759 549 2822 lere
560 2761 661 2822 locum
675 2761 867 2824 tribuendum
879 2781 944 2824 esse
958 2762 1153 2842 Regularibus
1162 2759 1337 2835 Ordinibus,
1347 2779 1384 2821 ex
1396 2762 1465 2841 qui·

310 2854 368 2918 bus
382 2857 600 2938 amplissimum
614 2857 644 2918 in
661 2857 830 2920 universam
848 2857 956 2921 Christi
968 2858 1132 2920 Ecclesiam
1146 2856 1251 2938 quavis
1261 2862 1347 2917 atate
1360 2856 1466 2919 dima-

309 2952 392 3014 navit
402 2960 630 3028 ornamentum,
642 2952 831 3034 presidium,
841 2962 872 3019 et
880 2955 1004 3019 utilitas.
1017 2956 1080 3016 llos
1089 2952 1202 3023 idcireo
1212 2951 1386 3032 apostolica
1399 2953 1463 3015 bec

309 3048 401 3112 Sedes
415 3050 590 3132 approbavit
602 3052 774 3129 nonmodo,
788 3053 909 3134 suisque
917 3051 1020 3115 luloita
1030 3056 1075 3113 est
1086 3048 1239 3130 auspiciis,
1252 3051 1464 3113 verumetiam

310 3146 446 3228 pluribus
468 3146 553 3209 auxit
567 3147 734 3226 beneficis,
750 3148 1002 3230 exemptionibus,
1016 3145 1176 3228 privilegiis
1197 3153 1229 3207 et
1246 3143 1463 3225 facultatibus,

257 3268 260 3276 ·
312 3253 347 3307 ut
355 3263 392 3308 ex
402 3245 450 3307 his
462 3245 500 3308 ad
513 3247 658 3327 pietatem
669 3247 880 3327 excolendam,
891 3255 922 3311 et
932 3247 1129 3329 Religionem,
1144 3245 1184 3309 ad
1196 3245 1380 3328 populomm
1393 3266 1463 3309 mo·

309 3361 358 3407 res
367 3344 459 3407 verbo
472 3351 503 3408 et
515 3347 654 3427 exemplo
664 3347 720 3409 rite
731 3346 952 3428 informandos,
966 3346 1005 3410 ad
1013 3345 1096 3410 Fidei
1110 3345 1257 3409 unitatem
1270 3344 1348 3408 inter
1357 3345 1463 3410 fideles

309 3439 504 3518 servandam,
516 3432 831 3526 confirmandamque,
849 3444 945 3526 magis
958 3443 1113 3527 magisque
1133 3441 1348 3521 excitarentur,
1369 3450 1462 3524 atque

309 3539 644 3604 solemniacensem
659 3542 711 3604 ubi
724 3561 761 3605 eo
772 3561 820 3607 res
832 3542 967 3619 devenit,
979 3547 1014 3606 ut
1024 3559 1061 3604 ex
1071 3540 1171 3623 aliquo
1185 3540 1324 3621 Regulari
1335 3539 1460 3620 Ordine,

308 3635 354 3696 vel
368 3652 429 3697 non
443 3632 572 3716 amplius
587 3634 731 3698 uberrimi
743 3635 763 3698 ii
776 3635 906 3714 fructus,
920 3642 1010 3717 etque
1023 3633 1210 3719 optatissima
1220 3633 1424 3697 emolumenta
1440 3656 1461 3700 a

308 3729 476 3794 Christiano
489 3732 603 3815 populo
614 3732 849 3815 perciperentur,
871 3732 909 3797 ad
928 3752 996 3816 quae
1009 3731 1162 3796 afferenda
1178 3729 1297 3796 fueraut
1315 3728 1462 3810 primitus

307 3829 453 3909 instituti,
467 3833 514 3894 vel
522 3833 704 3896 detrimento
717 3832 818 3914 potius
829 3850 894 3896 esse
907 3831 962 3895 visi
975 3829 1102 3910 fuerint,
1118 3847 1155 3894 ao
1163 3824 1374 3912 perturbandae
1387 3846 1463 3892 ma-

306 3928 352 4011 gis
369 3929 551 4012 populorum
563 3930 780 4014 tranquillitati,
795 3948 887 4013 quam
899 3929 997 3995 eidem
1006 3927 1203 4010 procuranda
1214 3925 1460 4008 accommodati,

307 4025 371 4090 hac
380 4027 488 4093 eadem
501 4029 675 4110 Apostolica
688 4028 796 4109 Sedes,
811 4047 878 4111 qua
893 4026 1006 4092 eisdem
1018 4024 1190 4111 plantandis
1202 4042 1329 4108 operun
1342 4023 1462 4106 impen-

306 4123 392 4187 derat
404 4143 504 4204 suam,
519 4143 665 4211 suamque
676 4125 896 4209 interposuerat
908 4123 1138 4202 auctoritatem,
1152 4140 1205 4186 eos
1216 4121 1264 4185 vel
1277 4119 1365 4184 novis
1374 4139 1463 4184 com-

217 4288 222 4300 ,
307 4223 423 4285 munire
437 4223 571 4306 legibus,
592 4224 639 4287 vel
657 4223 695 4288 ad
715 4223 874 4307 pristinam
894 4223 1013 4288 vivendi
1033 4222 1223 4287 severitatem
1236 4239 1395 4300 revocare,
1409 4225 1461 4307 vel

307 4318 425 4399 penitus
435 4322 528 4388 etiam
545 4322 685 4402 evellere,
702 4341 738 4388 ac
748 4321 891 4406 dissipare
905 4321 1029 4385 mimme
1046 4319 1205 4384 dubitavit.

347 4430 377 4479 4.
392 4420 458 4482 Hac
471 4439 544 4484 sane
553 4420 591 4484 de
602 4439 694 4485 cause
704 4420 895 4485 Innocentius
908 4421 990 4503 Papa
998 4419 1049 4480 lll
1060 4416 1264 4481 predecessor
1272 4422 1376 4479 noster
1385 4433 1460 4480 cum

307 4513 499 4596 comperisset
511 4517 636 4581 nimiam
645 4517 839 4597 Regularium
851 4514 991 4583 orditum
1000 4514 1205 4581 diversitatem
1216 4530 1340 4596 gravem
1354 4512 1386 4577 in
1396 4513 1460 4581 Ec-
