3194 5354
157 487 163 496 “
226 507 279 559 aso
656 499 857 556 0000000οι0
875 500 941 554 xiv

226 613 361 670 mentum
375 604 572 685 apostolicam
593 604 830 669 benedictionem
842 604 1030 669 Fraternitati
1044 610 1103 669 tuae
1113 615 1310 688 peramanter
1323 612 1380 675 ins

226 701 383 783 partimur.
399 702 514 763 naam
524 702 648 772 Romu,
668 708 741 771 etc,
757 702 807 764 dte
819 706 920 780 priora
932 707 1056 782 nometi
1071 713 1160 782 1712,
1178 711 1379 785 pomtfiontau

224 807 323 866 nostri
334 819 416 865 cunc
425 807 542 881 ganno.

728 1025 851 1095 ccvlt.

631 1182 822 1227 venerantur
844 1181 960 1225 ruerat

344 1291 518 1352 ANTONIO
538 1290 712 1353 EUGEtllo
732 1287 1032 1349 AROEOEPISGOPO
1052 1289 1244 1353 Erflmlrto

256 1416 433 1466 onnmmro
447 1414 582 1478 scanno,
599 1414 639 1464 nr
654 1414 858 1463 nrosromce
874 1412 963 1461 snnrs
979 1413 1013 1461 ns
1027 1412 1190 1463 00000οι0
1203 1415 1336 1478 0000ιο,

531 1514 766 1596 CLEMENS
794 1517 925 1597 ΡΑΡΑ
952 1514 1059 1594 XIV.

838 1671 900 1718 aee
910 1663 1058 1727 000000,
1072 1667 1100 1715 t7
1115 1662 1216 1715 eona
1234 1630 1305 1718 uri.

266 1776 464 1846 Venerabilis,
476 1782 534 1836 etc.
546 1777 589 1837 Eu
602 1773 709 1837 litteris
720 1772 781 1835 tuis
796 1778 828 1834 et
841 1790 880 1834 ex
892 1771 965 1834 lolio
983 1767 1074 1832 snit.
1088 1768 1162 1831 Filio
1177 1767 1276 1831 Nobili
1296 1771 1373 1834 Viro

221 1871 358 1952 Principe
371 1871 409 1934 de
427 1871 554 1935 Kaunitz
574 1879 676 1934 00000
688 1871 928 1947 communicato,
943 1875 1034 1949 atquo
1054 1886 1073 1928 a
1093 1872 1123 1928 te
1147 1864 1185 1928 ad
1197 1866 1258 1929 Nos
1271 1872 1373 1930 nans-

219 1965 329 2045 misao,
355 1966 538 2031 Venerabilis
562 1968 677 2044 instes,
702 1967 899 2047 cognorimus
931 1963 1091 2028 consilium
1115 1982 1134 2026 a
1160 1962 1314 2027 carissimo
1340 1965 1372 2028 in

219 2063 339 2129 l'lrristo
365 2064 427 2129 tilia
456 2071 560 2129 nostra
590 2066 687 2129 Maria
706 2065 847 2129 Therasia
873 2064 1033 2145 Hungaria
1056 2061 1171 2142 ltegina
1196 2061 1373 2142 Apostolica

218 2178 336 2224 necnon
351 2162 502 2228 8000000
516 2161 629 2242 Regina
639 2161 750 2225 illustri
762 2162 793 2225 in
806 2163 1015 2225 Romanorum
1028 2157 1253 2240 imperatricem
1268 2159 1371 2223 Electa

219 2257 318 2322 Vidua
332 2259 458 2336 initum,
471 2278 533 2339 quo
552 2277 589 2321 ex
602 2258 739 2339 pluribus
757 2256 946 2323 monasteriis
963 2263 994 2319 et
1007 2253 1204 2318 conventibus
1218 2254 1258 2317 ad
1272 2255 1372 2319 Olive-

219 2360 318 2434 tnnos,
329 2356 577 2437 Hieronymum,
595 2362 628 2418 et
640 2355 716 2418 alios
735 2352 949 2436 longobardia
961 2351 1127 2416 Austriacae
1142 2350 1265 2415 ordines
1282 2370 1371 2434 spao-

220 2451 355 2516 tantibns
365 2452 507 2532 componi
525 2459 649 2532 possent
667 2453 781 2534 aliquot
799 2453 960 2534 ampliores
973 2458 1005 2514 et
1020 2468 1148 2513 numero
1158 2449 1369 2532 religiosorrnn

221 2546 370 2610 auctiores
389 2548 527 2624 familiar,
548 2556 582 2609 ut
606 2549 648 2609 ita
665 2567 702 2610 ex
722 2551 922 2631 plurimorum
944 2548 1155 2627 conjunctione
1172 2553 1204 2608 et
1223 2546 1371 2627 religiosae

221 2643 384 2725 disciplina
396 2645 565 2706 accuratior
574 2644 764 2708 observantia
775 2654 806 2709 et
816 2648 914 2710 eidem
926 2646 1153 2710 accommodata
1163 2644 1371 2708 doctrinarum

220 2740 320 2802 studia
338 2760 398 2803 non
412 2740 476 2802 sine
496 2740 592 2801 multa
605 2741 770 2803 eorundem
785 2743 924 2806 ordinum
944 2743 1033 2806 laude
1055 2750 1085 2803 et
1106 2743 1229 2824 publica
1242 2743 1370 2806 utilitate

172 2829 175 2834 ’
220 2839 341 2901 uberius
354 2839 594 2902 efflorescerent:
612 2857 795 2921 magnopere
808 2842 881 2905 item
889 2860 1000 2924 cupere
1011 2842 1200 2920 Maiestatem
1215 2842 1309 2902 Suam
1322 2841 1371 2903 vi-

220 2936 336 3017 dimus,
349 2945 383 3002 nt
399 2938 500 3022 aliqua
519 2958 590 3022 pars
610 2938 762 3003 redituum
787 2941 826 3004 ad
847 2942 970 3005 eosdem
993 2940 1113 3019 ordines
1134 2939 1370 3022 pertinentium,

218 3055 285 3114 quae
294 3043 454 3118 postquam
470 3037 610 3100 omnibus
621 3036 750 3116 religiosi
764 3044 861 3102 status
869 3038 973 3100 usibus
986 3037 1138 3115 decenter,
1150 3036 1372 3118 commodeque

220 3133 258 3194 sit
269 3134 466 3212 satisfactum,
479 3133 608 3214 supersit
626 3151 662 3195 ac
677 3133 840 3210 redundet,
858 3132 897 3195 ad
919 3133 993 3195 alias
1006 3132 1249 3214 opportunitates
1262 3132 1371 3194 tradu-

221 3236 319 3306 catur,
339 3236 369 3291 et
392 3229 455 3291 sive
476 3230 658 3310 pauperibus
679 3230 886 3308 sublevandis,
907 3231 969 3292 sive
991 3230 1195 3311 parochorum
1217 3228 1366 3306 subsidio,

218 3325 281 3386 sive
295 3325 361 3387 aliis
380 3327 438 3406 piis
451 3326 593 3407 operibus
606 3327 774 3391 addicatur.
790 3330 883 3391 Suam
896 3328 1020 3391 demum
1030 3329 1219 3408 Maiestatem
1232 3345 1287 3411 pro
1300 3327 1368 3389 sin-

217 3424 314 3504 gulari
329 3442 385 3486 sua
402 3424 563 3503 religione,
577 3432 608 3487 et
625 3424 804 3507 Apostolice
821 3425 907 3488 Sedis
924 3424 1092 3488 reverentia
1106 3424 1172 3488 fieri
1188 3423 1368 3487 haecomnia

219 3524 293 3587 velle
311 3525 399 3605 juxta
416 3523 633 3587 ecclesiasticas
648 3524 819 3587 sanctiones
832 3523 891 3586 bac
903 3523 934 3584 S.
951 3521 1026 3584 Sede
1037 3518 1238 3584 consentiente
1251 3524 1282 3581 et
1294 3536 1367 3600 pro-

218 3624 327 3701 bante,
342 3643 377 3687 ac
397 3622 523 3705 proinde
536 3628 641 3703 optare
660 3641 696 3684 ac
710 3622 862 3703 flagitare,
873 3628 907 3683 ut
919 3640 981 3704 000
996 3620 1132 3703 paratius
1146 3637 1181 3684 ac
1193 3616 1367 3699 promptius

219 3723 387 3786 aderitum
398 3721 522 3804 perduci
537 3740 584 3786 res
594 3721 700 3804 possit,
720 3720 787 3798 tibi,
799 3717 984 3781 Venerabilis
993 3718 1108 3796 Frater,
1122 3716 1161 3779 de
1171 3713 1218 3779 bis
1228 3712 1367 3795 agendis,

217 3819 369 3884 statuendi
381 3825 471 3899 atque
480 3819 587 3883 eadem
596 3817 766 3882 executioni
779 3817 871 3881 etiam
884 3823 919 3879 ut
931 3814 1112 3878 mandentur
1122 3811 1248 3896 jubendi
1257 3829 1369 3894 oppor-

217 3923 309 3979 tunas
323 3931 359 3976 ac
380 3915 563 3977 necessarias
576 3914 734 3979 facultates
750 3913 964 3977 concedamus.
976 3913 1038 3975 Nos
1049 3912 1151 3996 itaque
1168 3909 1369 3993 intelligentes

218 4014 309 4076 tinem
332 4029 350 4075 a
370 4010 526 4073 carissima
546 4011 576 4073 in
594 4011 711 4074 Christo
730 4012 791 4075 tilia
809 4018 912 4074 nostro
928 4010 985 4072 sibi
1003 4008 1194 4092 propositum
1209 4007 1243 4073 in
1257 4005 1370 4087 hujus-

218 4111 299 4173 modi
317 4107 477 4192 postnlutis
488 4108 581 4171 Nobis
597 4108 740 4172 faciendis
750 4110 878 4174 obbneri
894 4128 931 4173 ea
944 4109 1060 4172 ratione
1077 4103 1370 4191 posseqaaeeximie

218 4208 283 4284 ejrts
295 4208 411 4289 pietati,
423 4214 455 4273 et
470 4209 613 4287 Auguste
623 4210 735 4271 Domus
746 4208 881 4289 religioni
897 4207 1054 4270 conueniat
1062 4230 1071 4285 5
1084 4204 1210 4288 proinde
1223 4202 1305 4267 illius
1317 4202 1370 4266 de·

219 4302 350 4382 sideriis,
364 4305 466 4388 quoad
485 4306 514 4368 in
534 4305 662 4369 bonnm
675 4324 847 4388 possumus,
861 4304 986 4386 obsequi
1003 4304 1155 4381 volentes,
1170 4309 1223 4365 tna
1237 4297 1367 4379 virtute,

219 4398 375 4463 sedrditate
392 4424 428 4465 ac
440 4403 600 4484 prudentia
618 4402 686 4465 lreti
703 4401 769 4478 tibi,
783 4400 968 4463 Venerabilis
983 4402 1098 4478 Frater,
1113 4395 1280 4480 apostolica
1291 4415 1368 4461 000

219 4497 340 4560 toritate
354 4500 544 4564 concedimus
559 4507 650 4583 atque
663 4499 851 4581 impertimur
864 4519 915 4562 eas
928 4498 1086 4561 facultates
1098 4514 1216 4575 omnes,
1235 4511 1302 4581 quae
1315 4511 1368 4559 re·
