3194 5354
490 471 672 528 aersrons:
688 473 734 527 111
753 473 888 528 naevia
905 473 1136 531 samonem.
1352 487 1383 538 ar

752 625 871 694 xxiv,

470 784 692 826 bruncrtssfflo
714 785 748 825 ln
771 783 904 825 cuntsm
927 781 1007 824 ululo
1030 783 1148 824 NOSTRO

386 891 510 951 PETRO
539 890 756 959 1110901110,
789 889 1003 951 anduinum
1032 888 1228 960 AUSTRIAE,

466 1006 505 1053 m
522 1005 668 1054 mamm.
683 1005 744 1054 s1ar
761 1005 924 1054 sumacra
939 1005 1048 1054 uacuo
1066 1005 1150 1064 nuci,

541 1108 775 1187 CLEMENS
802 1110 930 1187 PAPA
958 1108 1064 1186 XIV.

973 1250 1071 1308 Rome,
1087 1255 1113 1299 19
1123 1248 1217 1311 augusti
1234 1252 1301 1298 1799.

271 1345 488 1416 Dilectissimis,
506 1351 560 1407 etc.
587 1348 658 1407 Post
681 1346 880 1416 venerabilem
905 1346 1028 1407 fratrem
1051 1348 1200 1407 loannem
1220 1346 1380 1427 archiepis-

231 1459 343 1521 copum
363 1443 602 1524 Philippensem,
618 1444 671 1524 qui
690 1444 771 1525 apud
790 1449 820 1506 te
841 1444 996 1525 apostolici
1019 1444 1120 1505 nuncii
1140 1462 1264 1506 munere
1283 1446 1379 1507 multa

231 1559 301 1601 cum
320 1540 409 1603 laude
432 1541 546 1623 aliquot
567 1541 653 1603 annis
675 1542 849 1623 perfunctus
862 1548 924 1620 est,
946 1541 1094 1604 mittimus
1119 1542 1218 1605 isthuc
1242 1544 1379 1606 Venera-

230 1637 321 1699 bilem
343 1638 448 1701 itidem
474 1637 598 1700 fratrem
623 1639 761 1700 Marcum
780 1638 946 1700 Antonium
970 1637 1229 1719 archiepiscopum
1252 1640 1378 1702 'lbessa-

229 1735 413 1798 lonicensem
430 1736 585 1817 pontificio
599 1737 674 1799 solio
693 1737 896 1814 assistentem,
911 1736 963 1816 qni
982 1735 1170 1798 nobilitatem
1185 1755 1286 1814 suam,
1306 1757 1377 1800 ma-

227 1834 390 1914 iorumque
411 1853 537 1896 suorum
555 1835 666 1897 decora
688 1836 816 1916 propriis
835 1835 927 1897 etiam
948 1836 1099 1916 Nobisquc
1124 1837 1375 1917 perspectissimis

228 1930 388 1993 virtutibus
414 1937 556 2009 exornat,
581 1931 641 1993 lide
663 1932 793 2011 scilicet,
816 1932 1003 2012 integritate,
1030 1932 1208 2013 prudentia,
1232 1934 1377 1997 doctriua·

228 2034 388 2106 praeterea,
417 2046 453 2089 ae
479 2028 671 2090 excultissimi
702 2029 810 2108 ingenii
841 2029 1102 2091 commendatione
1131 2031 1283 2110 singulari.
1314 2034 1376 2093 llas

228 2125 320 2185 animi
333 2125 379 2186 sui
395 2125 481 2187 dotes
499 2144 570 2187 cum
583 2125 700 2205 egregie
713 2127 806 2188 Nobis
824 2127 854 2188 in
874 2143 996 2205 eorum,
1016 2127 1126 2214 quibus
1139 2128 1286 2191 hactenns
1306 2150 1376 2192 anc-

227 2229 276 2283 tus
299 2223 349 2284 hic
370 2224 442 2302 11111,
468 2225 617 2287 bonorum
643 2223 849 2305 perfunctione
876 2225 1047 2305 probasset,
1077 2225 1190 2286 inducti
1214 2226 1300 2288 facile
1328 2247 1376 2288 su-

202 2393 204 2397 ,
227 2339 309 2398 mus,
330 2328 364 2382 ut
380 2322 524 2384 eumdum
539 2322 735 2401 eligeremus,
750 2322 818 2402 qui,
843 2321 923 2403 apud
937 2330 982 2399 te,
996 2322 1187 2384 dilectissimo
1208 2323 1238 2385 iu
1258 2325 1376 2388 Christo

226 2418 267 2478 iili
281 2427 394 2498 noster,
409 2427 488 2482 esset
502 2420 685 2501 apostolicus
701 2427 802 2483 noster
816 2429 847 2483 et
863 2428 973 2484 sanctae
986 2421 1067 2483 sedis
1078 2422 1219 2496 nuncius,
1235 2441 1306 2484 enm
1327 2425 1377 2504 ip-

226 2535 293 2577 sum
308 2536 413 2579 carum
434 2518 487 2579 tibi
511 2518 602 2579 etiam
622 2516 686 2580 fore
710 2525 800 2600 atque
814 2526 972 2599 acceptum
992 2537 1053 2580 non
1074 2518 1291 2581 dubitaremus.
1309 2523 1375 2583 Ho-

225 2615 337 2676 minem
352 2616 453 2696 itaque
468 2623 498 2676 61
512 2634 567 2677 suo
581 2616 688 2678 merito
706 2622 736 2677 et
759 2617 900 2699 imposito
917 2619 1082 2698 prasertim
1104 2618 1231 2680 aNobis
1250 2637 1375 2682 munere

224 2714 339 2775 clarum
358 2715 606 2778 commendamus
626 2716 731 2796 pietati
746 2722 820 2794 tus,
844 2735 879 2778 ae
902 2723 936 2777 111
957 2717 1098 2778 eumdem
1123 2735 1159 2777 ea
1186 2716 1375 2779 humanitate

224 2811 356 2893 excipias
369 2831 436 2894 quae
456 2816 584 2894 Augusti
603 2816 721 2894 generis
734 2815 778 2876 tui
798 2814 950 2896 splendori
965 2821 996 2876 et
1020 2813 1255 2894 praestantissimi
1282 2815 1374 2875 animi

224 2909 362 2971 laudibus
381 2917 427 2972 est
438 2920 658 2988 consentanea,
676 2912 867 2974 vehementer
885 2911 1032 2991 petimus,
1052 2928 1088 2972 ac
1102 2910 1307 2972 obsecramus.
1328 2912 1374 2972 Illi

224 3010 367 3083 praeterea
376 3006 414 3067 de
428 3009 538 3068 nostris
550 3027 585 3068 ac
598 3009 689 3084 hujus
700 3007 872 3086 apostolicae
883 3007 960 3068 sedis
972 3007 1062 3068 rebus
1077 3012 1178 3067 tecum
1190 3007 1288 3083 agenti
1303 3025 1373 3066 eam

144 3140 150 3152 ·
224 3101 327 3163 baberi
349 3110 410 3165 ate
427 3104 521 3164 fidem
534 3104 684 3184 cupimus,
697 3121 789 3183 quam
807 3102 899 3163 Nobis
915 3102 987 3182 ipsis
1006 3119 1110 3163 coram
1126 3107 1229 3162 tecum
1242 3102 1372 3181 loquen-

222 3200 303 3260 tibus
326 3200 495 3263 adhiberes.
518 3201 594 3262 lllud
614 3219 685 3261 vero
708 3200 899 3280 potissimum
920 3197 1001 3259 eredi
1017 3204 1078 3259 ate
1095 3197 1193 3258 eidem
1215 3198 1371 3278 volumus,

221 3297 436 3377 quidquidipse
448 3297 485 3358 de
495 3296 716 3358 nostraeximia
728 3296 759 3356 in
769 3301 798 3356 te
810 3295 966 3376 pontificia
977 3295 1102 3356 caritate
1117 3295 1277 3375 animoque
1287 3301 1370 3361 omni

221 3397 340 3476 pietatis
354 3415 465 3475 genere
482 3395 721 3457 cumulatissime
737 3394 943 3470 conlirmabit3
962 3394 992 3455 in
1011 3394 1097 3471 eujus
1111 3393 1312 3457 certissimum
1326 3398 1372 3478 pi-

220 3513 296 3573 gnus
310 3494 506 3574 apostolicam
522 3492 765 3554 benedictionem
776 3490 841 3567 tibi,
856 3489 1047 3552 dilectissime
1062 3490 1092 3551 in
1106 3490 1223 3553 Christo
1237 3493 1280 3553 1111
1296 3511 1371 3556 nos-

222 3599 276 3670 ter,
298 3593 404 3654 intimo
426 3590 521 3652 nostri
546 3590 646 3651 cordis
674 3588 783 3650 ellectu
809 3588 1013 3650 amantissime
1032 3589 1231 3670 impertimur.
1256 3594 1370 3657 Dolum

221 3690 330 3761 Rome,
343 3698 414 3761 eta,
427 3690 476 3750 die
492 3699 526 3748 19
541 3692 658 3767 augusti
675 3691 749 3748 1169
758 3731 767 3762 ,
777 3688 969 3764 pontificatus
985 3691 1078 3748 riustri
1087 3706 1166 3750 anco
1175 3691 1287 3766 primo.

738 3888 843 3956 XXV.

514 4045 655 4088 urnacrrs
678 4044 774 4086 111119
798 4043 968 4087 numerans
991 4045 1075 4087 vrars

418 4150 525 4223 DUCl,
558 4151 606 4210 ET
637 4152 875 4213 REIPUBLICAE
907 4152 1163 4214 VENETIARUM

525 4265 759 4345 CLEMENS
790 4269 917 4345 ΡΑΡΑ
947 4268 1053 4345 xlv,
1172 4315 1178 4327 ·

959 4412 1050 4466 11111111,
1067 4415 1096 4457 19
1110 4409 1203 4469 arrgsrsti
1219 4412 1286 4459 1169.

260 4491 390 4570 Da'leeti,
413 4501 468 4556 ete.
492 4496 701 4559 venerabilem
721 4498 845 4560 fratrem
868 4496 1086 4559 Boruardiuum
1106 4498 1367 4580 archiepiscopum
