3180 5354
471 504 654 562 EPISTOLAE
670 505 715 560 ΕΤ
733 505 868 560 nanum
886 504 1122 560 SELECTIOIIA.
1316 511 1367 562 tta

221 611 415 688 cathedram,
440 610 496 672 etsi
517 609 710 672 immerentes
726 610 868 672 divinitus
889 612 984 673 evecti
996 611 1129 687 sulmus,
1150 630 1188 673 eo
1201 612 1368 675 mirabilius

222 729 411 792 progressam
422 728 488 771 esse
499 710 726 792 videmus,quo
734 710 832 788 major
848 710 941 772 Nobis
957 710 1084 772 ornandi
1098 711 1189 772 vestri
1201 757 1209 788 ,
1221 711 1368 792 vobisque

218 811 407 892 gratificandi
428 810 509 872 lacta
531 816 577 871 est
600 808 758 890 potestatis
776 808 920 871 accessio.
943 809 1045 871 Facite
1066 809 1185 890 itaque,
1202 816 1236 871 ut
1254 827 1291 871 ex
1309 810 1369 872 bac

223 917 326 974 vestra
346 910 464 973 actione
486 908 689 988 intelligamus
700 913 804 970 nostra
823 907 853 968 in
872 925 927 968 vos
942 906 1060 983 studia,
1074 925 1111 968 ac
1136 906 1254 988 paterni
1276 906 1368 968 animi

222 1025 374 1070 summam
389 1005 547 1069 caritatem
570 1006 684 1087 optime
703 1024 767 1068 esse
788 1006 977 1068 collocatam.
997 1008 1057 1068 Nos
1075 1006 1215 1087 equidem
1237 1014 1369 1069 avestra

221 1103 252 1165 in
264 1105 326 1165 Nos
337 1104 449 1184 pietate
464 1103 495 1165 id
509 1103 602 1164 Nobis
617 1102 741 1164 omnino
748 1103 941 1184 pollicemur,
953 1110 1044 1183 atque
1057 1102 1285 1166 invioemvobis
1293 1122 1369 1184 pro-

221 1199 298 1262 literi
309 1218 470 1280 possumus
482 1244 491 1276 ,
504 1198 679 1261 Pralectum
691 1205 827 1261 vestrum
840 1199 943 1262 omnia
954 1199 985 1261 in
1003 1199 1115 1277 Nobis,
1132 1206 1222 1280 atque
1233 1199 1264 1260 in
1273 1200 1369 1279 Apos-

221 1295 311 1358 tolica
331 1296 407 1358 Sede
430 1295 566 1377 presidia
586 1313 652 1358 esse
673 1295 869 1373 habitururn,
889 1313 1002 1376 eosque
1025 1295 1241 1358 benevolentiae
1259 1299 1370 1356 nostre

222 1391 353 1469 fructus,
371 1392 423 1473 qui
441 1392 571 1455 maxime
586 1391 624 1455 ad
638 1391 755 1454 Ordinis
770 1391 861 1454 vestri
876 1392 1088 1474 splendorem,
1107 1411 1143 1454 ac
1156 1390 1324 1455 sanctitatis
1337 1396 1369 1453 et

221 1494 363 1558 doctrine
378 1495 597 1557 incrementum
611 1492 778 1575 pertinent,
794 1489 1040 1554 ednsecuturum.
1073 1483 1076 1489 ’

727 1614 887 1625 ——----

700 1715 906 1785 CXXXVIII.

416 1874 553 1916 IIILBOEAE
576 1875 612 1915 III
635 1873 768 1915 canusso
790 1872 881 1914 rma
904 1871 1018 1918 noem,
1036 1871 1174 1914 unciani

505 1979 625 2040 ANNAE
644 1980 838 2041 COLUMNAE
858 1979 1083 2050 BARBERINI,

485 2103 625 2153 nncrssa
641 2103 793 2162 snonrnn,
811 2104 966 2152 cesinuu
980 2103 1104 2161 vinca,

536 2209 768 2289 CLEMENS
797 2195 919 2288 PAPil
948 2209 1054 2286 XIV.

1000 2359 1092 2415 Rome,
1108 2361 1137 2406 2⁵
1150 2355 1206 2418 maji
1224 2359 1290 2405 1771.

262 2463 397 2532 Dilecta,
420 2469 471 2533 etr.
492 2463 639 2525 Certiores
658 2462 730 2525 lacti
753 2482 859 2525 sumus
881 2484 899 2525 a
919 2463 1082 2526 venerabili
1103 2462 1196 2524 fratre
1219 2464 1369 2546 Prospero

223 2559 368 2621 Celestino
392 2559 533 2642 episcopo
547 2561 702 2623 Narniensi
719 2566 749 2623 te
765 2560 814 2622 die
837 2573 870 2621 17
893 2561 984 2640 hujus
1000 2560 1112 2623 mensis
1134 2560 1238 2623 abillo
1255 2563 1369 2624 Sancta

222 2656 374 2718 Restituta
389 2657 572 2720 monasterio
592 2659 780 2736 discessisse,
805 2666 835 2721 et
848 2661 1046 2722 Gornetanam
1060 2665 1196 2721 nostram
1216 2658 1382 2732 civitatem

220 2755 356 2836 petiisse,
367 2762 401 2818 ut
415 2775 527 2818 novum
537 2758 616 2820 istud
628 2758 775 2841 passionis
785 2757 891 2819 Christi
903 2756 1119 2819 monasterium
1134 2756 1282 2836 ingressa,
1293 2757 1369 2838 opti·

222 2870 306 2914 mum
320 2871 423 2933 posses
435 2853 472 2915 de
487 2855 582 2916 salute
596 2865 648 2915 tua
662 2854 774 2934 licique
790 2854 946 2915 vocatione
965 2853 1126 2914 consillum
1144 2853 1262 2932 exequi.
1285 2854 1369 2914 Gau-

221 2947 329 3009 demus
345 2967 416 3010 sane
430 2948 536 3010 diviua
548 2956 578 3011 te
599 2950 761 3026 voluntab,
784 2950 908 3027 ejusque
929 2949 1031 3025 gratia
1046 2946 1175 3008 stimuIIs
1194 2948 1369 3008 obsecutam

222 3044 345 3106 tandem
359 3064 439 3122 esse,
452 3065 488 3106 ac
506 3045 544 3106 ad
557 3064 625 3108 eam
639 3047 742 3107 salutis
750 3046 848 3120 viam,
858 3064 924 3125 qua
933 3046 1061 3107 DomIno
1073 3045 1192 3126 placeat
1206 3044 1368 3106 ineundam

221 3143 393 3224 comparari
403 3144 550 3222 majorem
560 3143 590 3204 in
601 3143 726 3205 modum
740 3143 794 3206 tibi
808 3143 1006 3223 gratulamur.
1021 3142 1222 3205 Vehementer
1236 3142 1319 3204 enirn
1331 3143 1368 3205 ad

222 3240 264 3302 rei
287 3259 438 3302 summam
459 3240 601 3302 interesse
621 3240 748 3318 scirnus,
771 3259 808 3302 ne
830 3239 947 3301 divinas
967 3239 1005 3301 de
1019 3247 1122 3303 nostra
1141 3247 1253 3303 aeterna
1274 3241 1370 3303 salute

222 3332 353 3400 rationes
368 3339 449 3416 aliis,
466 3344 640 3408 autnostrae
654 3345 706 3400 aut
728 3338 855 3399 aliorum
869 3337 1032 3399 voluntatis
1044 3336 1212 3400 rationibus
1226 3338 1371 3420 impedia-

224 3455 306 3513 mus,
322 3458 357 3500 ac
377 3438 574 3500 retardemus.
588 3440 687 3518 Atque
708 3439 772 3517 ejus
790 3437 833 3499 tui
847 3436 876 3499 in
898 3437 1113 3499 monasterium
1135 3437 1285 3518 ingressus
1301 3437 1370 3500 felia

224 3536 291 3598 inde
310 3536 447 3617 capImus
468 3535 560 3598 etiam
580 3535 765 3618 auspicium,
788 3535 870 3616 quod
889 3529 920 3596 in
941 3553 993 3596 eos
1006 3534 1143 3597 inciderit
1156 3534 1239 3612 dies,
1261 3535 1370 3616 quibus

224 3634 321 3696 Sancti
333 3635 485 3717 Spirituse
497 3635 573 3697 coelo
585 3634 763 3711 delabentis,
778 3653 813 3696 ac
826 3633 1042 3714 Apostolorum
1051 3632 1143 3694 corda
1157 3631 1370 3694 inflammantis

224 3733 400 3794 memoriam
419 3732 624 3810 celebramus,
637 3733 724 3810 eujus
737 3731 819 3792 enlm
840 3737 870 3792 te
890 3730 1026 3792 vocantis
1046 3729 1180 3806 alilatus,
1197 3730 1261 3808 jam
1283 3737 1371 3791 antea

224 3846 374 3907 senseras,
395 3829 531 3909 ejusdem
553 3831 754 3892 cumulatiora
773 3828 833 3889 boc
857 3834 992 3908 tempore
1015 3845 1075 3888 non
1095 3826 1270 3889 dubitamus
1291 3828 1321 3888 in
1341 3835 1371 3888 te

158 3976 160 3978 .
224 3925 324 3986 sutura
339 3926 436 4003 dona,
456 3928 567 4008 quibus
580 3927 610 3988 ln
624 3934 766 4008 suscepta
778 3925 896 3989 ratione
911 3924 1103 4002 conforteris,
1117 3944 1153 3988 ac
1166 3928 1262 3988 multo
1278 3945 1370 4007 quam

225 4030 313 4085 antea
333 4024 482 4088 robustior
503 4027 578 4102 llas,
594 4032 626 4088 et
639 4025 855 4088 confirmatior.
878 4025 911 4087 ld
925 4024 1048 4106 quidem
1062 4031 1146 4086 tanto
1161 4025 1271 4086 certius
1286 4041 1371 4084 asse-

223 4121 340 4202 queris,
352 4130 466 4202 quanto
476 4126 559 4204 prius
571 4126 612 4188 illi
625 4131 774 4187 cortuum
788 4122 1027 4200 consecraveris,
1039 4141 1075 4183 ac
1085 4140 1209 4202 prorsus
1224 4121 1370 4199 mtegram

225 4227 284 4281 tuae
290 4222 453 4282 voluntatis
460 4225 640 4285 sacriticIum
649 4224 809 4298 obtuleris,
821 4240 918 4302 neque
926 4240 1060 4303 unquam
1068 4218 1370 4299 Intermiserispreces

225 4315 263 4377 ad
277 4335 347 4377 eum
361 4315 501 4394 sundere,
513 4321 543 4381 in
557 4339 653 4402 eoque
664 4321 876 4400 cogitatIones‚
888 4338 972 4400 spes,
985 4319 1174 4396 rationesque
1185 4322 1252 4377 tuas
1265 4335 1370 4379 omnes

224 4415 384 4477 collocare.
396 4418 558 4498 llecsunt,
575 4421 767 4482 dilectissima
776 4420 805 4480 in
818 4419 936 4480 Christo
949 4418 1011 4478 filia
1020 4414 1128 4475 nobilis
1139 4415 1258 4491 muller,
1269 4424 1369 4478 nostra

224 4513 262 4575 de
275 4519 328 4573 tun
340 4513 435 4575 salute
446 4517 585 4593 consilia,
599 4518 662 4579 brec
676 4537 711 4579 ex
728 4518 834 4578 intimo
843 4523 969 4595 paterno
984 4512 1075 4575 eorde
1089 4512 1268 4594 deprompta
1283 4521 1367 4589 vota,
