3194 5354
473 475 657 530 EPISTOLAE
674 475 720 528 ET
740 474 875 528 BREVlA
893 474 1129 530 subcutottt.
1336 482 1370 532 85

173 652 176 657 ⁴
228 589 328 644 tecum
341 579 384 641 uti
402 579 513 660 possit,
524 584 616 659 prout
624 578 680 659 ipsi
691 577 839 641 videbitur
852 578 1040 640 conscientiae
1054 585 1113 640 tue
1123 579 1299 658 expediens,
1322 589 1371 641 at-

227 696 287 761 que
305 682 510 761 opportunum
520 675 597 737 iore.
610 674 784 756 Apostolica
800 673 903 737 itidem
919 676 1112 751 auctoritate,
1132 693 1193 755 quo
1205 682 1265 738 tuae
1276 676 1371 738 devo-

228 774 301 836 tioni
321 765 416 852 magis
435 772 605 851 faveamus,
621 772 870 853 quotiescumque
890 771 929 833 ad
946 771 1167 832 sanctissimum
1180 772 1372 834 Eucharistiae

229 876 450 934 sacramentum
464 869 691 951 percipiendum
708 869 883 947 accesseris,
898 867 986 930 toties
1002 867 1056 929 tibi
1073 867 1238 949 plenariam
1250 886 1268 929 a
1279 869 1371 930 Nobis

155 1019 163 1029 .
228 965 442 1044 indulgentiam
457 964 580 1027 concedi
591 965 791 1028 declaramus.
802 968 930 1027 bemum
941 971 972 1027 et
982 963 1107 1026 dilectas
1120 964 1151 1025 in
1167 963 1284 1026 Christo
1296 964 1371 1026 filias
1412 1038 1427 1067 ⁹

228 1062 329 1123 sacras
343 1061 414 1123 istas
436 1061 572 1141 Virgines
587 1069 654 1124 tuas
671 1063 702 1124 iu
715 1061 843 1124 Domirm
863 1061 977 1139 socias,
991 1077 1120 1141 quarum
1132 1059 1273 1140 precibus
1286 1060 1371 1122 valde

227 1157 423 1235 confidimus,
437 1165 562 1238 paterna
575 1159 698 1221 caritate
716 1159 936 1241 prosequimur,
949 1160 1122 1239 eisdemque
1135 1158 1247 1239 pariter
1264 1158 1371 1239 plena-

228 1255 302 1316 riam
316 1254 544 1335 indulgentiam,
555 1257 673 1336 quoties
685 1264 753 1337 post
766 1263 958 1338 peccatorum
973 1255 1192 1318 consessionem
1203 1273 1288 1317 sacra
1301 1257 1371 1317 Cor-

226 1351 309 1431 poris
329 1351 435 1413 Christi
457 1353 669 1415 communione
688 1353 806 1416 relectae
826 1353 953 1430 luerint,
972 1352 1100 1432 benigue
1112 1351 1271 1431 largimur,
1288 1353 1370 1432 quod

140 1452 142 1457 ’
227 1456 391 1531 perspecte
408 1466 513 1511 eorum
532 1451 637 1530 pietati
652 1451 829 1526 tribuimus,
851 1459 881 1512 et
901 1449 1037 1531 plurimae
1048 1450 1079 1511 iu
1093 1467 1145 1511 eas
1157 1449 1371 1513 benevolentiae

227 1557 334 1612 nostru
345 1557 526 1630 argumento
542 1551 773 1626 essevolumus,
788 1567 824 1611 ac
835 1556 978 1629 praeterea
992 1547 1152 1628 participes
1165 1547 1231 1626 ejus
1245 1555 1371 1628 aposto-

227 1646 290 1708 lica
311 1646 526 1709 benedictionis
545 1647 689 1724 iacimus,
712 1665 805 1728 quam
818 1645 890 1722 tibi,
910 1646 1106 1709 Dilectissima
1124 1645 1155 1707 in
1175 1645 1292 1708 Christo
1310 1646 1378 1710 filia

228 1748 347 1820 nostra,
362 1743 468 1806 intimo
481 1744 598 1824 paterni
609 1743 708 1806 cordis
724 1761 813 1805 sensu
824 1743 1027 1805 amantissime
1040 1742 1240 1823 impertimur.
1256 1745 1369 1806 Dmam

226 1837 342 1909 tome,
358 1847 431 1911 etc„
447 1843 497 1901 die
510 1852 529 1900 9
543 1843 618 1917 maji
634 1852 709 1901 t'tto
719 1885 727 1915 ,
738 1843 929 1919 pontificatus
940 1844 1038 1901 nostri
1054 1858 1135 1901 anno
1146 1845 1257 1920 primo.

731 2074 858 2142 LXXV.

476 2231 652 2272 CARlSSlllAE
675 2231 709 2272 ΙΝ
732 2230 865 2273 cuntsto
887 2229 979 2272 ntus
1001 2229 1125 2273 NOS'IM

271 2333 407 2395 MARIAE
427 2335 629 2396 THERRSlAE
649 2335 865 2396 HUNGARlAE
884 2337 1042 2397 ΗΕΘΜ
1061 2334 1327 2405 APOSTOLlCAE,

500 2451 625 2500 amnon
641 2451 792 2501 nouamu
805 2451 932 2500 nnuma
948 2451 1094 2500 mausum

403 2553 434 2599 ut
451 2553 652 2602 nonuuonuu
668 2553 905 2603 mennamromr
921 2554 1048 2603 mucre
1061 2555 1182 2614 vmue,

501 2663 761 2751 CLEMENS
799 2669 929 2744 ΡΑΡΑ
970 2667 1084 2744 XIV.

1006 2818 1105 2875 Rome,
1122 2820 1149 2864 11
1164 2815 1221 2875 niuji
1236 2818 1304 2863 1770.

265 2915 446 2984 Camsstma,
462 2923 518 2977 etc.
534 2919 604 2990 Qua
621 2919 775 2980 renunciat
794 2918 885 2979 Nobis
902 2918 993 2996 Regia
1005 2919 1144 2994 Maiestas
1161 2919 1227 2976 Tua
1246 2923 1368 2995 peracte

224 3023 289 3066 esse
300 3009 472 3088 nuptiarum
484 3012 629 3074 solemnia
640 3012 717 3074 inter
728 3013 951 3075 dilectissimam
960 3012 991 3072 in
1002 3011 1120 3072 Christo
1131 3009 1222 3070 filiam
1233 3016 1367 3071 nostram

223 3102 351 3164 Mariam
370 3106 531 3167 Antoniam
544 3107 736 3169 archiducem
755 3109 881 3170 dustria
892 3116 977 3170 tuam
989 3127 1044 3189 per
1063 3125 1185 3169 carnem
1206 3107 1315 3185 tiliam,
1336 3118 1367 3170 et

222 3200 448 3265 dilectissimum
459 3204 561 3266 itidem
573 3205 605 3266 in
616 3204 732 3267 Christo
745 3205 840 3267 filium
851 3213 988 3267 nostrum
999 3204 1183 3266 ludovicum
1196 3206 1365 3284 Augustum

222 3303 353 3364 mancia
368 3303 563 3384 Delphinum,
581 3303 711 3385 plurima
730 3304 791 3365 Nos
810 3302 916 3365 eadem
931 3301 1096 3365 allecemnt
1108 3300 1219 3382 gaudio
1224 3325 1234 3379 ;
1249 3320 1321 3363 nam
1336 3309 1366 3364 et

221 3399 345 3461 Nostros
358 3415 424 3460 esse
440 3399 632 3476 arbitramur,
645 3417 711 3479 quae
724 3405 783 3460 tum
794 3406 864 3460 sunt
875 3398 980 3461 latitia
992 3417 1107 3477 causo,
1121 3404 1196 3460 etex
1211 3404 1364 3460 tantarum
1484 3395 1490 3405 ’

222 3492 402 3558 familiarum
416 3497 627 3575 conjunctione
644 3495 791 3558 maximas
809 3495 840 3556 in
859 3495 1027 3558 christiane
1044 3495 1214 3577 reipublice
1233 3496 1363 3571 bonurn,

223 3592 422 3675 Ecclesirsque
437 3593 590 3664 catholica
602 3593 819 3664 incrementum
828 3591 975 3661 extituras
985 3592 1224 3673 opportunitates
1232 3604 1292 3652 uon
1305 3592 1365 3652 du-

223 3687 361 3752 bitamus.
381 3692 478 3764 Quare
492 3709 617 3771 magnas
635 3690 687 3752 tibi
702 3690 741 3751 de
752 3690 905 3751 luculento
919 3688 1093 3767 hujusmodi
1116 3686 1274 3749 nobiscum
1292 3702 1364 3765 per-

223 3792 289 3847 acto
308 3785 407 3849 officio
422 3787 569 3848 habemus
587 3786 716 3866 gratias,
730 3791 760 3848 et
782 3785 913 3855 divinam
936 3783 1147 3863 benignitatem
1167 3781 1252 3843 enixe
1274 3781 1364 3842 obse-

222 3897 359 3958 cramus,
385 3889 417 3942 ut
440 3883 498 3943 hoc
521 3882 583 3944 suis
606 3880 869 3963 initumauspiciis
891 3879 1065 3960 eonjugium
1089 3876 1222 3940 uberiori
1246 3893 1364 3956 semper

222 3979 387 4044 coelestium
407 3981 649 4050 benedictionum
664 3979 751 4060 copia
765 3983 976 4059 prosequatur,
988 3975 1196 4055 auctioresque
1210 3971 1316 4035 exinde
1329 3990 1364 4032 ac

220 4076 316 4143 multo
334 4077 547 4139 cumulatiores
564 4077 656 4140 iaciat
666 4078 697 4147 in
718 4077 782 4138 dies
797 4094 867 4137 cum
886 4083 959 4147 tua,
973 4082 1038 4142 tum
1052 4080 1160 4136 nostre
1168 4069 1363 4150 jucunditatis

222 4171 361 4240 rationes.
376 4174 420 4234 Ac
429 4172 525 4254 Regias
541 4174 689 4252 Majestati
702 4176 773 4235 Tuae
784 4172 1002 4239 intimoacordis
1016 4170 1108 4233 nostri
1124 4165 1240 4249 paterni
1253 4184 1362 4240 sensu,

222 4267 335 4346 totique
345 4271 485 4349 Augusta
495 4269 613 4340 familia
623 4271 828 4358 Apostolicam
838 4269 1074 4339 benedictionem
1090 4263 1293 4327 amantissime
1302 4264 1364 4324 im-

222 4363 633 4441 promuntunum,
655 4374 725 4444 etc,
743 4370 793 4428 dte
809 4379 842 4427 11
859 4370 935 4443 maji
951 4377 1044 4439 ttto,
1062 4365 1256 4442 pontificatus
1270 4366 1364 4422 nostri

222 4474 302 4527 anno
311 4464 420 4538 priano.

697 4552 878 4564 ———
