3194 5354
230 520 281 570 368
651 514 853 567 cellttllnt'ls
873 513 934 566 XlV

228 622 377 684 accersitis
392 619 550 681 individuis
575 637 627 699 per
652 619 831 700 Episcopum
843 619 1060 695 Varmiensem,
1081 618 1296 700 publicatoque
1318 621 1372 682 illis

229 721 311 781 Brevi
327 718 562 800 suppressionis,
581 735 686 778 onrnes
704 716 860 796 adigantur
879 716 1000 777 iuduere
1021 716 1157 779 habitum
1176 719 1373 800 presbytero-

225 836 293 879 rum
314 816 516 892 secularium,
531 823 561 877 et
574 814 696 894 singulis
714 814 844 893 collegiis
859 821 1050 895 preponatur
1064 813 1203 877 sacerdos
1221 817 1376 882 saecularis

224 921 255 981 iu
267 919 410 1000 dignitate
421 917 571 993 Ecclesie,
586 915 782 985 constituens
798 932 853 993 pro
865 912 983 973 illorum
994 911 1147 991 regimine,
1160 919 1190 974 et
1204 914 1372 993 gubernio:

223 1018 283 1079 bac
303 1025 404 1078 tamen
419 1014 521 1077 addita
535 1011 725 1087 conditione,
745 1009 827 1090 quod
850 1008 956 1088 singuli
981 1008 1141 1071 formulam
1161 1010 1373 1090 subscribant,

152 1149 153 1152 =
223 1131 285 1192 quo
294 1118 448 1192 acceptato
462 1129 537 1192 pure
548 1116 578 1171 et
587 1107 761 1190 simpliciter
772 1106 858 1168 Brevi
870 1105 1100 1186 suppressionis,
1113 1106 1234 1187 plenam
1249 1108 1291 1168 illi
1303 1108 1376 1172 obe-

223 1209 367 1271 dientiam
380 1209 572 1291 promittant,
585 1206 772 1267 declarantes
784 1203 917 1284 insuper,
930 1221 962 1264 se
975 1203 1063 1283 plene
1077 1203 1189 1265 solutos
1205 1205 1374 1286 intelligere

224 1306 263 1367 ab
281 1307 363 1368 omni
378 1305 497 1368 vinculo
512 1303 657 1381 instituti,
672 1302 753 1383 quod
766 1301 891 1382 professi
905 1308 1005 1379 erant,
1021 1309 1051 1363 et
1065 1303 1140 1364 velle
1152 1303 1182 1364 in
1196 1310 1277 1367 statu
1286 1307 1376 1370 cleri·

223 1421 329 1464 corum
349 1402 533 1467 secularium
548 1401 640 1463 vitem
656 1399 779 1474 ducere,
799 1398 881 1459 salve
902 1398 1069 1460 substantia
1085 1400 1265 1463 emissorum
1280 1413 1377 1467 voto-

223 1517 308 1577 rum,
324 1499 381 1561 sub
404 1498 575 1562 obedientia
595 1495 734 1578 Episcopi
750 1494 929 1570 Dioecesani,
949 1501 980 1555 at
1000 1494 1173 1558 immediata
1187 1499 1253 1576 ejus
1270 1507 1374 1580 potes-

222 1603 301 1675 tate,
317 1604 347 1659 et
363 1595 587 1676 Jurisdictione,
610 1595 674 1655 sine
692 1594 753 1654 ulla
772 1592 1034 1668 subordinatione,
1057 1600 1109 1655 aut
1128 1593 1330 1674 dependentia
1356 1619 1375 1660 a

222 1695 285 1757 suis
295 1695 426 1775 antiquis
441 1692 643 1775 superioribus
662 1692 866 1772 regularibus,
879 1691 920 1752 ita
934 1698 966 1752 ut
983 1691 1059 1753 iuter
1072 1693 1152 1773 ipsos
1172 1694 1285 1755 nullam
1302 1715 1377 1758 am-

222 1791 299 1871 plius
316 1798 479 1872 agnoscant
494 1791 691 1853 differentiam
710 1790 916 1870 superiorum,
932 1796 962 1851 et
977 1791 1180 1871 subditorum,
1197 1794 1248 1856 sed
1263 1814 1376 1861 omnes

221 1889 390 1951 existiment
404 1909 437 1951 se
448 1908 514 1952 esse
532 1888 661 1971 perfecte
671 1888 809 1969 equales.
826 1888 888 1949 Sub
902 1888 959 1951 hac
979 1891 1150 1954 conditione
1162 1898 1376 1980 poteritEpis-

221 2004 316 2067 copus
326 1986 509 2049 Varmieusis
526 1985 692 2048 senioribus
711 1991 741 2046 et
755 1983 919 2065 aptioribus
936 1985 1095 2051 individuis
1106 1990 1252 2055 beneficia
1266 2005 1376 2060 curata

222 2083 363 2166 deinceps
380 2085 411 2146 in
425 2084 578 2148 mensibus
596 2082 753 2146 ordinariis
768 2089 909 2145 vacatura
926 2084 1079 2164 conterre,
1093 2087 1123 2150 iu
1133 2092 1291 2171 premium
1305 2113 1376 2157 ser-

220 2183 283 2244 vitii
292 2183 322 2245 in
332 2184 442 2247 scholis
448 2183 581 2266 prestiti,
590 2182 786 2264 aepublieum
796 2181 990 2243 commodum
1001 2202 1071 2245 eum
1083 2186 1295 2251 substitutione
1308 2193 1376 2253 Cle

220 2279 353 2342 ricorum
373 2280 523 2343 seuxiuani
544 2279 576 2342 in
595 2278 696 2341 locum
712 2276 904 2354 exeuntium,
925 2284 958 2339 ut
978 2280 1122 2359 paulatim
1140 2283 1269 2345 exclusis
1289 2285 1375 2347 indi-

221 2376 337 2456 viduis,
362 2386 394 2440 ct
422 2380 520 2441 soluto
541 2378 661 2440 illorum
681 2376 840 2453 convictu,
866 2376 1015 2457 supersint
1040 2377 1141 2441 idonei
1165 2381 1293 2462 operarii
1314 2401 1375 2462 pro

220 2473 330 2536 scholis
353 2476 506 2556 regendis;
530 2482 619 2555 atque
633 2474 748 2536 interea
763 2473 910 2535 Sanctitas
934 2475 995 2535 Sua
1011 2474 1139 2556 benigne
1157 2477 1308 2559 indulget,
1338 2471 1376 2541 ut

221 2568 313 2631 etiam
327 2569 357 2631 in
369 2571 508 2632 convictu
525 2576 696 2641 manentes,
717 2569 862 2651 quoniam
877 2576 1065 2651 temporum,
1082 2578 1113 2632 et
1132 2573 1265 2634 locorum
1289 2592 1374 2635 con-

220 2663 295 2726 ditio
310 2664 340 2726 id
351 2667 456 2746 exigit,
475 2666 589 2747 possint
601 2667 702 2728 literas
714 2666 821 2728 docere
839 2667 870 2728 in
883 2668 1011 2748 publicis
1025 2668 1148 2746 scholis,
1165 2668 1248 2730 etde
1268 2670 1374 2734 licen-

221 2762 263 2823 tia
280 2763 422 2825 ordinarii
442 2763 644 2827 confessiones
662 2763 812 2844 excipere,
828 2771 859 2825 et
871 2766 997 2828 verbum
1008 2767 1057 2829 bei
1076 2765 1255 2848 predicare,
1273 2768 1374 2833 alies·

220 2879 280 2941 que
293 2879 435 2942 peragere
455 2880 556 2923 sacras
576 2860 760 2937 functiones,
780 2880 847 2941 que
860 2863 899 2923 ab
917 2862 1072 2944 Episcopis
1085 2863 1127 2925 eis
1141 2864 1370 2945 permittantur.

222 2961 262 3020 be
276 2959 464 3040 indulgentiis
478 2979 564 3038 vero,
580 2978 646 3040 que
665 2959 811 3040 plerisque
829 2959 1001 3038 hujusmodi
1024 2960 1226 3023 functionibus
1240 2961 1373 3027 addictae

222 3067 308 3121 erant
317 3060 521 3140 providebitur
531 3067 692 3141 postquam
703 3057 878 3139 Amplitudo
892 3064 944 3120 tua
957 3058 1154 3121 transmiserit
1172 3060 1291 3122 illarum
1308 3081 1372 3125 no-

220 3157 333 3233 tulam,
347 3173 403 3217 nec
415 3155 519 3216 dilatio
530 3154 736 3235 prejudicium
748 3153 870 3229 alteret,
884 3153 955 3235 quia
971 3153 1146 3216 imminente
1157 3174 1236 3217 anno
1248 3166 1369 3237 sancto,

219 3271 324 3314 omnes
335 3252 523 3331 indulgentie
536 3259 621 3313 extra
633 3252 738 3314 urbem
758 3269 906 3331 suspense
917 3258 1084 3313 remanent.
1097 3253 1293 3332 Amplitudini
1308 3263 1372 3318 tue

218 3348 342 3409 demum
365 3348 525 3409 committit
542 3348 752 3410 Sanctissimus
776 3347 920 3409 Dominus
938 3349 1055 3426 Noster,
1078 3349 1159 3429 quod
1181 3350 1253 3412 alios
1272 3352 1370 3415 etiam

219 3445 385 3525 Episcopos
409 3444 574 3506 Dioecesum
604 3443 795 3506 existentium
822 3445 852 3506 in
879 3443 992 3507 ditione
1016 3447 1195 3509 Berussiana
1215 3446 1370 3512 luminoso

219 3541 360 3624 Episcopi
378 3541 560 3603 Varmieusis
575 3543 713 3622 exemplo
732 3542 854 3604 inducat
868 3543 906 3604 ad
923 3545 1050 3607 similem
1069 3547 1275 3610 executionem
1288 3568 1371 3630 pro-

218 3638 383 3719 perandam
397 3638 428 3699 in
450 3637 510 3700 suis
523 3637 719 3716 Dioecesibus,
734 3658 804 3701 cum
820 3639 925 3702 iisdem
939 3642 1160 3706 conditionibus
1170 3650 1199 3705 et
1209 3644 1370 3707 facultati-

218 3735 287 3813 bus,
297 3735 468 3816 proquibus
479 3735 689 3816 Ammitudinis
704 3743 762 3797 tue
775 3738 907 3817 amplam
917 3739 1054 3801 concedit
1063 3747 1252 3821 potestatem.
1264 3743 1370 3824 Atque

218 3834 332 3894 interea
344 3833 465 3895 nominc
476 3834 568 3896 etiam
581 3835 641 3894 EE.
654 3834 711 3893 PP.
722 3833 820 3896 eidem
833 3834 935 3896 omnia
947 3834 1045 3899 lauste
1054 3855 1091 3900 ex
1102 3837 1191 3901 corde
1202 3857 1370 3920 precamur

218 3929 389 3994 abomino.

297 4053 507 4138 amplitudinis
521 4057 591 4120 'lue
687 4121 688 4125 ,

675 4137 913 4205 studiosissimus
925 4142 969 4231 uti
986 4143 1091 4205 Frater

889 4291 923 4345 Α.
942 4289 1135 4345 currimns
1152 4288 1319 4347 consinus.

887 4389 919 4442 V.
942 4389 1158 4456 Mscrnourus,
1176 4390 1369 4448 Seeetanus·

702 4528 881 4541 ——-—
