3194 5354
395 503 574 558 EPlSTOLAE
588 504 633 559 ET
652 504 783 558 uncum
804 504 1037 568 sciscitetis.
1223 510 1290 560 *w

646 671 784 746 ccxix.

336 835 338 838 ’
411 829 572 875 cnisstuo
595 831 627 870 lll
648 830 785 873 cumo
805 831 885 874 illido
906 831 1023 875 nosne

131 950 133 957 ·
232 926 402 985 resumo
422 927 463 986 m
483 926 733 989 scurronum
753 906 1036 991 mensionum
1057 931 1204 1002 ninere
1237 945 1240 953 ·
1268 925 1275 1031 s

455 1028 689 1125 CLEMENS
714 1045 842 1129 PAPA
868 1044 976 1123 XIV.

231 1251 234 1255 ,
907 1195 1001 1253 Rama,
1017 1199 1047 1245 ²0
1061 1194 1142 1245 mauis
1159 1199 1226 1244 tiss.
1269 1211 1276 1235 r

183 1287 355 1355 Carissimo,
373 1292 431 1351 etc.
454 1285 516 1352 Etsi
529 1294 632 1350 nostra
650 1306 707 1367 pro
728 1285 933 1348 incolumitate
946 1286 1103 1351 Catlrcliear
1118 1287 1147 1347 in
1162 1289 1291 1357 Polonirr

144 1380 293 1460 umens
303 1380 404 1449 cilicia
413 1399 450 1445 ec
462 1383 559 1448 studia
571 1384 609 1447 ad
620 1385 784 1445 Garamam
798 1382 987 1459 Majestatem
997 1384 1095 1443 Tuam
1105 1383 1204 1445 delata
1214 1402 1290 1466 sape

144 1477 270 1552 luerint,
287 1485 378 1558 etque
390 1496 408 1540 a
419 1485 449 1541 te
461 1479 653 1545 libentissime
664 1487 804 1560 excepta,
820 1485 921 1549 tamen
934 1496 1031 1558 nsque
1043 1478 1168 1549 nimiam
1181 1498 1217 1542 ae
1236 1501 1291 1549 sut-

134 1590 359 1650 ‚perarnanaam
384 1573 436 1642 tui
460 1573 557 1641 isam
580 1575 615 1643 iri
638 1582 771 1640 nestram
792 1573 1039 1650 sollicitudinem,
1055 1591 1153 1654 neque
1177 1583 1207 1636 te
1230 1593 1290 1643 nm

143 1671 252 1742 sudum
263 1672 376 1748 mimo,
390 1692 452 1753 qun
469 1673 591 1740 rNobis
601 1672 776 1739 deiciuntur
789 1672 840 1736 illa
851 1678 1047 1751 accepturum
1057 1679 1212 1751 putamus,
1224 1692 1291 1754 qne

143 1769 186 1837 rei
195 1770 400 1849 magnitudine
412 1788 447 1838 ac
462 1771 595 1850 periculo
608 1768 753 1837 commoti
762 1769 822 1833 hec
836 1776 971 1848 tempore
984 1768 1022 1831 ad
1036 1775 1066 1830 te
1077 1770 1291 1849 perscribenda

142 1865 292 1936 ducimus.
306 1868 470 1946 Singularis
485 1869 565 1934 anim
577 1887 612 1933 aa
626 1886 746 1932 summa
757 1874 809 1930 tna
822 1867 929 1947 pietas,
940 1874 971 1927 et
983 1885 1053 1928 cnm
1064 1867 1290 1947 praeclarissime

141 1964 267 2033 trudam
283 1966 420 2033 emnium
434 1966 605 2031 hereditate
625 1964 824 2043 amaJ‘oribns
843 1965 902 2028 tuis
916 1965 948 2026 in
965 1971 995 2027 te
1011 1967 1203 2028 mansuerus
1217 1969 1289 2029 reli»

139 2061 237 2140 gienis
246 2062 362 2130 tuende
377 2063 466 2129 ardor
475 2063 514 2128 ad
526 2062 661 2141 ejusdem
671 2062 872 2144 patrocinium
884 2062 1106 2143 suscipiendum
1115 2071 1145 2125 te
1154 2065 1289 2145 prefecto

140 2178 179 2223 co
193 2158 290 2225 acrius
301 2159 457 2237 excitabit,
477 2169 566 2241 atque
579 2161 727 2240 impellet,
738 2179 799 2239 qne
819 2159 955 2239 graviore
974 2160 1005 2220 in
1025 2159 1194 2231 discumiaa
1213 2176 1285 2222 vers

141 2255 683 2337 emensasqueemensasque
692 2265 787 2334 metu,
801 2263 891 2337 atque
905 2275 1015 2336 angore
1029 2259 1090 2318 Nes
1104 2257 1164 2337 ipsi
1173 2266 1289 2338 partim

142 2350 205 2417 bati
224 2359 254 2419 lo
268 2360 428 2433 propterea
448 2354 681 2434 comprimus,
702 2361 846 2433 tuamque
865 2371 957 2434 opem
978 2373 1014 2416 aa
1036 2355 1164 2415 tutelam
1176 2350 1288 2434 expeti

140 2447 247 2513 “imus-
263 2450 420 2522 Qwfflodo
430 2451 511 2518 enim
527 2469 686 2532 possumus
703 2450 785 2514 taciti
793 2448 943 2530 praeterire
955 2457 1008 2512 rut
1019 2468 1080 2511 noa
1097 2450 1289 2513 venementer

141 2547 210 2626 aigi
226 2547 346 2615 damme
365 2569 401 2614 ac
421 2550 607 2617 detrimentis
627 2550 779 2628 Fncledn,
796 2551 885 2630 cajus
897 2549 1065 2635 sollicitudo
1083 2542 1289 2631 impcsimelt

141 2645 232 2713 Nubis
246 2646 470 2728 arcturimeque
481 2651 711 2713 commendatas
723 2653 764 2711 lte
776 2655 864 2728 eujus
874 2651 1000 2731 proinde
1011 2646 1200 2713 removendis
1210 2651 1289 2729 inju-
1398 2670 1400 2674 ’

40 2744 55 2804 “.
141 2744 191 2807 riis
202 2745 297 2811 einen
307 2765 432 2811 esuriem
447 2747 636 2822 industriam,
651 2755 741 2827 alque
754 2766 879 2827 operam
893 2747 1099 2825 edhlbasmua,
1112 2748 1221 2809 deserti
1233 2745 1288 2806 mi

139 2839 251 2907 nisteui
266 2842 361 2906 nostri
374 2843 488 2907 crimen
511 2863 547 2905 aa
562 2844 735 2922 turpitude,
753 2853 844 2923 atque
856 2845 1078 2913 sisinnatium
1096 2840 1288 2904 animadvers

140 2935 232 3001 sionis
255 2938 401 3003 revenias
426 2939 550 3001 omnine
571 2944 619 3001 cst
642 2939 735 3000 Nobis
761 2939 952 3005 inaurienda.
978 2939 1132 3018 Siquidem
1151 2938 1287 2999 ridemus

140 3050 295 3098 summurn
313 3033 344 3099 in
360 3033 521 3098 materen
537 3034 699 3097 meusim
717 3055 781 3095 esse
803 3035 892 3095 divim
913 3035 943 3095 in
956 3036 1080 3095 Paionia
1092 3036 1192 3096 cultus
1213 3033 1287 3096 inm

139 3129 279 3208 summm
299 3138 330 3192 ct
345 3131 375 3194 in
391 3131 538 3211 proximis
552 3131 634 3210 regni
654 3131 782 3192 cernitis
792 3131 937 3211 plurimas
959 3130 1115 3192 imminere
1127 3128 1286 3201 Crtbdllcm

140 3229 208 3292 firlei
221 3230 418 3306 calamitates,
435 3248 506 3299 enm
520 3230 559 3291 de
569 3228 785 3296 labelacmndis
795 3229 912 3308 legibus
923 3247 979 3309 pro
990 3228 1069 3292 illius
1081 3229 1286 3290 incolumitate

110 3369 116 3380 ·
140 3328 272 3406 sancitis,
283 3336 314 3390 et
324 3329 363 3390 de
375 3328 592 3391 uetustissimis
600 3328 738 3390 &etesia
756 3327 887 3408 populls,
902 3336 993 3408 etque
1006 3328 1077 3390 huic
1087 3331 1120 3390 8.
1134 3328 1204 3390 soei
1213 3335 1284 3390 conl

141 3426 335 3503 iuratissimis
348 3427 509 3504 abnnitata
515 3425 597 3502 lldei,
607 3431 697 3506 etque
706 3445 724 3487 a
732 3425 825 3487 Nobis
835 3424 1042 3493 abstrahendis
1052 3421 1233 3507 magnopere
1245 3426 1283 3486 tis

140 3541 288 3586 meamus.
300 3524 330 3585 Si
340 3524 371 3586 in
384 3524 688 3605 superioribusetism
699 3523 828 3584 comitiis
845 3540 1014 3603 permagna
1026 3523 1145 3591 luerunt
1161 3543 1204 3584 sa.
1216 3542 1282 3610 me,

140 3619 366 3682 Predcrsraoris
375 3619 467 3682 nostri
481 3620 636 3698 moresne,
649 3619 829 3696 estimares,
840 3637 910 3680 cnm
924 3619 963 3680 ad
976 3619 1182 3699 reprimendos
1193 3619 1285 3680 (lissi,⁴

140 3715 274 3779 dentium
286 3725 412 3781 concurs
421 3717 507 3778 multi
516 3727 587 3778 tunc
605 3717 755 3792 adessent,
771 3724 860 3797 atque
873 3717 1009 3779 acerrimi
1022 3717 1154 3779 veritatis
1167 3710 1285 3798 prepuss
1315 3700 1321 3715 ’

140 3820 279 3889 gnatones
295 3838 302 3874 ε
317 3814 369 3895 qui
386 3821 488 3880 noster
500 3832 580 3882 nunc
600 3813 730 3889 animus,
743 3832 809 3895 qum
819 3813 932 3877 dolosis
945 3814 1095 3875 acerbitas
1103 3832 1168 3876 esse
1182 3813 1283 3890 debet,

140 3931 210 3972 cum
219 3913 382 3975 eorundem
394 3912 564 3975 defensione
575 3913 635 3973 Nos
650 3910 821 3988 destitutos,
838 3920 926 3992 atque
939 3910 1113 3975 imminutos
1125 3910 1223 3993 gregis
1236 3911 1284 3978 vis

140 4009 212 4087 giles
233 4029 269 4071 ac
291 4009 441 4087 custodes,
463 4014 586 4071 anctum
609 4016 710 4070 autem
734 4026 799 4069 esse
819 4027 978 4070 nnmerum
994 4009 1148 4070 videamus
1170 4013 1284 4086 segetes

141 4106 414 4185 corrumpentium,
430 4114 460 4167 et
471 4107 581 4168 zizania
593 4106 625 4167 ln
636 4125 707 4186 agro
718 4107 835 4168 Domini
853 4109 1067 4188 spargentium.
1082 4110 1142 4169 Nes
1159 4106 1281 4186 qnidam

141 4219 196 4278 pro
215 4210 318 4263 nestro
332 4209 446 4263 aeternae
460 4205 628 4265 animarum
649 4204 751 4265 salutis
771 4212 803 4266 et
824 4206 1036 4267 Domuslsrael
1057 4202 1172 4265 tuenda
1184 4204 1282 4266 studio

140 4320 336 4383 quecumque
347 4304 490 4383 praestari,
506 4311 595 4383 atque
606 4301 766 4363 adhiberis
779 4321 933 4364 sacrorum
945 4303 1032 4378 duee,
1046 4307 1136 4380 atque
1150 4301 1282 4364 antistite

141 4405 314 4477 potuerunt,
327 4399 432 4461 eadem
442 4401 643 4462 adhibuimus.
656 4400 796 4461 Ecclesiae
813 4419 848 4460 ae
858 4399 1006 4477 religionis
1023 4406 1176 4461 strictorem
1188 4401 1281 4462 Deum

141 4498 228 4558 unt.
243 4504 272 4558 et
289 4497 410 4578 privatis
428 4498 536 4559 nestris
554 4504 584 4558 et
598 4497 723 4577 publicis
740 4496 840 4576 populi
856 4494 931 4554 votis
943 4494 1101 4575 implorare
1115 4515 1280 4576 numquam
