3194 5354
647 404 852 461 caementis
870 405 937 461 le

751 572 828 642 CLl.

351 732 353 736 ⁴
439 728 665 773 orucnrssrus
687 731 722 772 m
745 730 880 775 caruero
900 730 997 774 rrum
1018 729 1148 775 auersas

289 837 469 898 ALOYSIAE
487 836 625 899 MARIAE
645 837 777 896 REGlAE
798 835 1028 897 flammeum
1047 836 1302 901 PRINCIPISSAE

532 949 766 1030 CLEMENS
793 951 920 1029 ΡΑΡΑ
949 948 1056 1027 XJV.

960 1101 1053 1159 bona,
1070 1101 1098 1149 tl
1111 1099 1206 1161 arguett¹
1222 1105 1290 1152 llll.

261 1209 484 1276 Dilectissimae,
498 1213 556 1267 ste.
574 1205 805 1286 appropinquat
815 1207 880 1284 jam
893 1204 960 1266 dies
973 1204 1050 1266 inter
1064 1209 1183 1265 eeteros
1195 1222 1301 1267 omnes
1314 1207 1369 1268 tibi

218 1307 304 1370 latus
317 1322 353 1366 ae
375 1301 511 1378 faustus,
531 1289 594 1381 quo
615 1301 705 1366 editis
717 1302 901 1364 solemnibus
921 1299 1074 1380 religionis
1090 1298 1170 1362 rotis
1187 1301 1373 1365 adsumas

219 1423 290 1467 enm
312 1402 428 1464 Christo
442 1420 553 1482 sponso
567 1401 688 1481 nuptias
708 1399 883 1476 celebratis,
898 1399 986 1477 eique
1007 1397 1140 1458 actiones
1158 1403 1227 1459 luas
1246 1417 1368 1476 omnes,

221 1520 299 1583 spes,
313 1498 472 1572 desideria,
483 1498 549 1559 vita
559 1497 688 1579 denique
699 1498 792 1559 totius
803 1515 925 1559 cursum
936 1495 1103 1559 certissima
1116 1495 1207 1557 animi
1222 1497 1267 1559 tui
1278 1497 1368 1560 deve·

221 1599 303 1659 tione
313 1594 513 1657 consecrabis.
527 1596 673 1673 Maiorem
687 1595 716 1656 in
731 1593 857 1657 medum
874 1594 967 1675 gavisi
981 1613 1103 1665 sumus,
1124 1593 1319 1658 dilectissima
1338 1599 1368 1660 in

221 1696 337 1759 Christo
349 1695 410 1756 filia
424 1701 542 1770 nostra,
558 1693 671 1774 tibique
683 1694 842 1772 gratulati,
855 1712 926 1755 cum
939 1693 1072 1774 primum
1091 1691 1183 1770 hujus
1194 1695 1287 1756 seculi
1309 1695 1366 1757 de-

221 1791 467 1866 immensitate,
489 1797 577 1870 atque
598 1790 744 1853 abdicatis
771 1790 920 1870 regalibus
941 1790 1060 1872 pompis
1083 1790 1113 1852 in
1136 1792 1259 1854 Sacram
1277 1792 1366 1856 utam

221 1889 449 1952 carmelitarum
458 1887 615 1966 virginum
626 1889 755 1951 Domum
764 1887 929 1965 secederes,
943 1887 1045 1968 ibique
1055 1887 1195 1967 religioso
1211 1897 1365 1972 assumpto

220 1983 327 2046 babitu
350 1983 543 2047 sanctissime
565 1983 633 2045 rita
657 1983 829 2049 tirocinium
851 2002 997 2067 poneres,
1022 2002 1104 2047 nune
1124 2003 1199 2048 vero
1219 1985 1370 2053 immensa

219 2080 351 2161 quadam
359 2081 475 2143 ratione
489 2089 611 2145 auctum
622 2088 667 2144 est
679 2081 709 2147 id
719 2089 858 2145 nostrum
869 2089 900 2145 et
909 2083 1098 2148 cumulatum
1107 2082 1253 2163 gandium
1262 2103 1301 2146 ex
1310 2085 1372 2148 hac

219 2184 286 2255 tua,
302 2197 395 2258 quam
409 2177 460 2240 illo
478 2178 527 2239 die
547 2177 666 2258 publice
679 2178 870 2259 profitebaris
892 2178 1021 2260 suseepti
1042 2178 1159 2241 consilii
1172 2183 1366 2247 constantia:

220 2275 368 2339 maximas
380 2275 505 2355 quidem
522 2293 558 2338 ac
572 2293 706 2337 sommas
718 2279 779 2338 Deo
791 2276 847 2358 ipsi
860 2294 915 2338 nos
927 2276 1040 2356 gratias
1056 2274 1227 2354 reddimus,
1239 2277 1293 2358 qni
1307 2285 1369 2341 tea

221 2373 330 2456 regalis
353 2375 426 2437 aula
455 2373 570 2437 deliciis
598 2380 784 2454 segregatam
805 2372 934 2437 mirifico
956 2373 1122 2437 vocaeonis
1147 2375 1288 2455 exemplo
1304 2374 1367 2439 tibi

219 2471 423 2548 sarrientem,
443 2489 539 2551 eoque
558 2471 738 2551 singularius
759 2489 824 2534 esse
844 2471 905 2533 hoc
922 2468 1058 2534 dunum
1079 2470 1111 2533 in
1133 2476 1164 2532 te
1186 2470 1369 2535 berredoitun
1483 2490 1486 2497 ·

220 2567 426 2646 agnoscimus,
440 2586 502 2648 que
515 2566 669 2648 amplioris
681 2585 749 2629 eras
759 2573 848 2630 autea
859 2567 889 2630 in
903 2567 962 2631 boc
972 2569 1077 2630 seculo
1086 2566 1261 2648 dignitatis,
1275 2586 1369 2650 opum

220 2680 256 2725 aa
270 2661 437 2742 splendoris
450 2662 547 2745 gradu
560 2662 742 2740 constituta,
757 2662 935 2744 animusque
947 2681 1029 2727 nunc
1041 2670 1112 2726 tuus
1124 2662 1370 2744 augmentare

219 2757 385 2839 religionis,
402 2758 593 2836 humilitatis,
619 2757 752 2821 caritatis
770 2758 876 2822 uudiis
895 2759 1072 2822 exardescit.
1087 2762 1172 2839 Euge
1185 2759 1304 2840 itaque,
1318 2757 1369 2821 di-

218 2854 379 2921 lectissimu
390 2855 421 2919 in
437 2855 554 2919 Christo
566 2855 629 2919 lilia
642 2862 761 2932 nostra,
775 2855 860 2920 illum
873 2856 954 2919 diem
968 2856 1022 2919 tibi
1035 2855 1282 2938 splendissimum
1291 2855 1369 2919 iutu-

218 2970 287 3017 rum
301 2959 393 3037 puta,
409 2971 446 3014 ac
466 2952 606 3017 omnibus
617 2951 786 3035 ‘triumphis
808 2951 1029 3035 pulchriorem,
1049 2971 1111 3033 quo
1129 2951 1256 3015 mlestis
1267 2951 1370 3033 gratia

218 3050 362 3115 obsecuta
373 3051 434 3114 Dee
444 3050 603 3134 tepenitus
613 3049 644 3113 in
657 3056 839 3131 potestatem
852 3049 970 3127 trades,
982 3048 1135 3130 vitamque
1146 3053 1233 3111 tuam
1242 3047 1367 3111 solemni

218 3151 359 3209 votorum
367 3145 752 3230 nuncupationeilliusfidei
760 3143 1182 3227 voluntatiquedicabiaatque
1188 3143 1366 3225 obstringas.

218 3244 340 3307 Utinam
351 3262 407 3307 nes
417 3244 459 3306 illi
473 3244 638 3307 celebritati
649 3244 808 3322 interesse,
820 3242 925 3327 tuique
938 3250 1002 3306 tam
1014 3242 1188 3306 excellentis
1197 3240 1295 3325 operis
1303 3258 1365 3303 non

219 3340 317 3403 selum
331 3346 421 3402 testes
435 3358 499 3403 esse
519 3358 691 3419 possemus,
706 3341 866 3405 sedetiam
887 3341 1069 3424 apostolicas
1092 3341 1123 3402 io
1145 3346 1232 3405 tanta
1249 3339 1365 3405 actione

219 3444 361 3519 proestare
379 3444 496 3519 partes,
519 3444 647 3518 tuaque,
668 3457 733 3519 que
749 3437 897 3501 emissura
910 3456 959 3516 es,
976 3443 1047 3501 vota
1067 3437 1099 3499 in
1119 3442 1240 3499 nostras
1258 3451 1368 3507 manus

219 3534 366 3616 excipere.
381 3536 421 3597 At
434 3533 615 3599 desiderium
629 3536 688 3598 boe
704 3543 843 3599 nostrum
852 3555 901 3614 ea,
913 3555 975 3618 qua
988 3534 1119 3599 maxime
1133 3552 1297 3616 possumus
1314 3553 1369 3599 ra-

218 3635 300 3697 tione
319 3634 462 3710 solamur,
484 3639 663 3715 nostrasque
676 3634 731 3696 bas
745 3635 825 3697 vices
844 3620 1063 3697 demandamus
1082 3631 1255 3695 Venerabili
1270 3633 1370 3695 Fratri

218 3730 401 3795 Bernardine
424 3730 658 3815 Arrbiepiscopo
680 3732 867 3795 Damascene
889 3729 1039 3793 ordinario
1053 3736 1156 3793 nostru
1171 3728 1301 3807 nuncio,
1315 3731 1368 3812 qui

219 3828 301 3910 quod
324 3835 392 3890 ante
416 3829 445 3890 in
461 3837 513 3891 tua
533 3829 662 3912 religiosi
683 3831 806 3893 habitus
826 3828 1015 3911 susceptione
1033 3827 1143 3905 obivit,
1157 3846 1270 3892 munus
1287 3827 1370 3891 idem

218 3924 310 3987 etiam
325 3941 405 3985 nirnc
426 3924 455 3985 in
477 3943 562 3986 saera
582 3926 767 4006 professione
789 3932 894 3988 nestro
916 3923 1037 3986 nomine
1056 3922 1230 4001 sustinebit5
1246 3941 1369 4007 queque

218 4020 402 4084 ornatiorem
417 4020 515 4081 adbuc
531 4022 733 4104 laetioremque
750 4041 820 4086 eum
832 4022 913 4084 diem
927 4021 1088 4082 reddamus
1101 4038 1138 4081 ex
1152 4019 1290 4083 Ecclesia
1304 4020 1371 4082 the-

219 4133 307 4177 sauro
322 4116 409 4178 isthic
422 4117 460 4177 ab
472 4135 508 4177 rm
522 4118 728 4180 concedendas
742 4138 777 4179 ex
799 4117 963 4199 apostolica
976 4117 1153 4178 auctoritate
1167 4114 1370 4194 indulgentias

218 4212 433 4292 depromimus.
456 4216 513 4277 Sed
528 4224 685 4296 paternam
705 4218 784 4279 hanc
798 4218 938 4280 eximiam
959 4235 1029 4296 erga
1045 4222 1074 4276 te
1092 4215 1247 4276 caritatem
1267 4211 1368 4274 adbuc

218 4310 313 4388 inagis
327 4312 378 4372 tibi
395 4314 605 4376 declarandam
620 4315 799 4397 suscipimus
814 4316 873 4377 alia
891 4314 1057 4395 eupiditate
1072 4319 1190 4391 nostra,
1206 4320 1239 4374 ut
1253 4310 1368 4374 scilicet

218 4405 443 4470 luculentiorem
457 4411 485 4472 in
504 4412 567 4475 dies
580 4432 697 4493 semper
718 4413 755 4473 de
777 4422 805 4474 te
827 4412 960 4489 letandi,
983 4414 1102 4491 [leoque
1125 4409 1236 4490 gratias
1260 4407 1367 4489 agendi
