3194 5354
236 496 269 545 ao
663 489 868 544 commosis
886 490 950 544 xiv
1037 463 1041 470 ’

233 595 429 656 observantiae
439 593 637 674 plenissimas.
654 594 714 654 Nos
732 599 812 656 certe
829 593 1008 656 luculentius
1022 593 1112 672 bajus
1127 602 1185 656 tuae
1199 595 1318 675 pietatis
1333 616 1385 658 ar·

231 695 409 768 gumentum
420 689 531 751 habere
551 706 612 750 non
624 705 796 769 possumus,
812 708 905 770 quam
923 689 1006 770 quod
1019 689 1094 752 lusis
1112 691 1151 752 ad
1167 694 1261 753 Mum
1280 695 1384 773 preci-

232 788 288 848 bus
308 786 513 848 infirmitatem
534 791 669 847 nostram
692 784 798 847 fulcire
820 804 856 847 ac
876 786 1019 850 roborare
1039 788 1217 851 contendas.
1233 793 1384 864 Quemad-

115 865 122 880 ’
231 884 356 945 modum
374 883 464 962 igitur
483 881 560 961 grati
581 880 674 945 animi
696 881 789 945 nostri
817 900 921 947 seusus
943 884 998 948 tibi
1024 903 1090 948 esse
1112 892 1255 965 testatos,
1284 889 1325 950 ita
1351 900 1381 951 ct

231 981 422 1042 vehementer
435 997 500 1040 esse
517 996 694 1060 persuasum
709 979 866 1061 cupimus,
882 979 955 1043 nihil
968 982 1061 1045 Nobis
1082 1003 1228 1066 prospera
1249 986 1382 1048 tibiam-

230 1077 281 1140 nia
299 1077 489 1159 cupientibus
504 1075 666 1155 jucundius
678 1093 812 1157 unquam
824 1077 975 1157 futurum,
988 1098 1080 1161 quam
1093 1087 1126 1142 ut
1137 1083 1383 1163 opportunitates

230 1181 362 1254 paternae
378 1174 409 1235 in
425 1179 454 1235 te
467 1173 631 1236 voluntatis
646 1179 755 1236 nosmae
768 1176 859 1238 rebus
872 1176 946 1258 ipsis
958 1177 1147 1241 declarandae
1160 1180 1253 1242 Nobis
1264 1199 1380 1262 suppe-

230 1272 374 1335 ditentur.
388 1273 510 1334 Interim
521 1272 669 1334 nobilitati
684 1278 743 1334 tuae
754 1275 952 1355 apostolicam
964 1276 1203 1341 benedictionem
1216 1297 1381 1360 peraman-

231 1377 276 1432 ter
293 1370 490 1452 impertimur.
515 1373 628 1433 Datum
647 1371 767 1443 Roma,
787 1381 856 1444 etc..
874 1376 923 1436 die
943 1385 960 1434 8
973 1377 1054 1453 jolii
1075 1387 1167 1449 1769,
1184 1382 1382 1457 pontificatus

231 1473 328 1530 nostri
338 1487 418 1530 anno
431 1474 543 1548 primo.

773 1670 831 1739 Xl.

640 1834 829 1877 vesanarum
852 1833 966 1877 sacrm

456 1947 632 2008 GAROLO
662 1947 879 2008 EPISCOPO
910 1948 1152 2009 LEODIENSI

536 2068 770 2148 CLEMENS
798 2072 927 2148 ΡΑΡΑ
955 2070 1048 2148 XIV

1019 2241 1113 2296 nome,
1129 2243 1155 2286 tr
1166 2237 1218 2298 iulii
1231 2240 1298 2286 1769.

272 2346 456 2407 Venerabilis
466 2346 585 2417 Frater,
599 2351 656 2406 etc.
669 2346 802 2408 Maximo
810 2345 922 2427 gaudio
930 2353 960 2407 ct
968 2345 1120 2407 civitatem
1131 2351 1228 2421 tuam,
1238 2350 1269 2406 et
1282 2346 1382 2407 eccle-

229 2443 317 2520 siam,
333 2449 363 2504 et
375 2444 523 2524 teipsum,
540 2443 725 2507 Venerabilis
741 2446 856 2521 Frater,
873 2443 998 2507 allectos
1014 2442 1106 2504 luisse
1122 2443 1162 2503 ob
1181 2442 1325 2506 nuncium
1340 2441 1385 2504 de

229 2539 384 2622 pontificia
394 2540 431 2602 ad
441 2540 742 2605 Nosdivineconsilio
750 2541 850 2603 delata
861 2541 1006 2622 dignitate
1015 2541 1181 2603 luculenter
1189 2540 1380 2603 declararunt

229 2644 288 2699 tuac
302 2639 501 2717 observantia,
516 2638 640 2720 pietate,
660 2658 695 2701 ac
713 2638 850 2702 omnium
871 2639 901 2701 in
921 2640 983 2701 Nos
1001 2637 1170 2701 ciliciorum
1184 2656 1294 2719 genere
1314 2638 1378 2719 pla-

228 2735 360 2798 nissimae
382 2735 505 2814 litterae,
527 2736 628 2817 etqui
650 2755 702 2797 eas
727 2735 819 2799 Nobis
844 2735 972 2797 reddidit
993 2735 1119 2798 dilectus
1140 2735 1219 2797 iilius
1243 2734 1377 2797 blarcbio

228 2834 384 2896 Anticcius
395 2834 638 2915 tuaenujusmadi
652 2833 814 2897 voluntatis
828 2833 1072 2914 diligentissimus
1087 2833 1245 2917 interpres.
1265 2832 1323 2895 Sed
1337 2833 1379 2894 ita

227 2931 375 3015 perspecti
391 2932 456 3012 jam
481 2938 569 2993 antea
587 2932 681 2993 Nobis
704 2937 790 2993 erant
811 2930 1018 2993 Fratemitatis
1032 2937 1092 2995 tuae
1117 2931 1146 2990 in
1172 2929 1377 3013 Apostolicam

226 3031 306 3093 banc
328 3029 429 3094 sedem
452 3047 569 3106 sensus,
590 3035 623 3091 ut
636 3027 758 3091 eosdem
770 3046 850 3093 nunc
864 3028 1025 3092 cumulatis
1037 3026 1305 3109 significationibus
1319 3033 1377 3087 tes·

226 3135 304 3191 latos
319 3148 381 3190 non
401 3147 472 3190 sanc
497 3128 585 3190 nobis
606 3128 796 3209 probaveris,
817 3146 911 3209 quam
931 3126 1028 3206 magis
1043 3125 1197 3206 magisque
1212 3125 1377 3185 confirmo-

227 3225 314 3284 veris.
331 3227 434 3301 ltaquc
446 3223 717 3301 gratissimaNobis
728 3223 861 3298 suerunt,
875 3228 965 3301 atquc
980 3222 1188 3301 acceptissima
1201 3220 1300 3283 allicio
1312 3220 1377 3281 baec

227 3327 279 3381 tua
289 3366 297 3395 ,
308 3337 375 3399 quae
388 3337 405 3378 a
418 3324 448 3378 te
462 3318 555 3377 etiam
569 3317 664 3393 magis
677 3317 853 3396 amplificari
867 3325 1010 3397 putamus
1021 3317 1094 3378 susis
1108 3320 1146 3379 ad
1160 3316 1377 3381 misericordia·

226 3433 294 3475 rum
316 3416 435 3474 Patrem
455 3412 612 3492 precibuS,
633 3418 666 3471 ut
682 3420 854 3476 nostrarum
874 3415 984 3476 virium
1006 3416 1242 3478 imbecillitatem
1260 3417 1290 3478 io
1305 3436 1377 3496 gra-

227 3512 349 3574 vissimo
363 3509 538 3573 sustinendo
560 3527 751 3574 muneresuo
768 3511 831 3592 ipse
852 3512 992 3593 praesidio
1012 3512 1117 3574 fulciat
1137 3533 1172 3574 uc
1189 3513 1374 3574 corroboret.

225 3613 286 3673 Nos
299 3609 421 3691 quidem
436 3606 556 3669 vocanti
577 3607 734 3688 obsequali
748 3612 809 3670 Deo
825 3609 864 3670 ad
879 3610 1043 3689 regendum
1058 3610 1138 3671 Petri
1154 3611 1297 3672 naviculae
1318 3630 1377 3689 gu-

226 3710 422 3771 bernaculum
436 3706 485 3767 itae
506 3704 704 3782 accessimus,
723 3712 757 3767 ut
773 3713 803 3767 et
824 3706 848 3766 si
865 3713 970 3767 uentos
992 3712 1244 3788 tempestatesque
1264 3707 1377 3768 videre

226 3804 555 3883 mus,1nodicatamen
570 3820 635 3865 esse
655 3804 714 3866 tide
730 3822 766 3867 aa
778 3804 817 3867 dc
834 3805 899 3883 ejus
914 3805 1052 3885 praescmi
1073 3805 1297 3886 certissimaque
1319 3823 1376 3885 ope

224 3903 363 3967 dubitare
380 3921 440 3964 non
460 3920 627 3982 possemus.
647 3905 712 3977 Quo
731 3903 811 3964 euim
833 3902 1012 3966 infirmiores
1031 3906 1092 3965 Nos
1106 3922 1225 3980 sumus,
1245 3923 1281 3965 eo
1304 3923 1376 3984 pcr-

225 4003 405 4084 spectiorcm
417 3997 481 4059 lore
493 3997 585 4078 ipsius
599 4000 770 4061 miserentis
782 4002 922 4063 Ecclesia
934 4022 995 4064 suae
1009 4002 1191 4082 potentiam,
1203 4003 1232 4062 in
1245 4020 1374 4080 cumque

225 4098 435 4162 tantummodo
447 4095 574 4176 gloriam
587 4116 621 4157 ac
636 4097 783 4160 bonorem
796 4117 919 4162 omnem
933 4100 1172 4163 redundaturum
1186 4118 1251 4161 esse
1264 4100 1376 4160 intelli-

224 4197 378 4275 gebamus.
395 4198 421 4258 Α
436 4197 498 4256 Dco
512 4193 602 4273 igitur
614 4195 779 4275 petendum
794 4204 824 4257 ct
836 4198 1057 4279 expectandum
1069 4205 1115 4260 est
1128 4195 1275 4278 quidquid
1289 4194 1375 4255 laus-

225 4301 290 4354 tum
301 4294 393 4354 Nobis
407 4295 471 4375 ipse
485 4291 554 4354 felix
572 4299 661 4372 atquc
677 4293 864 4373 auspicatum
879 4304 1004 4378 exoptas
1021 4307 1052 4357 et
1065 4294 1219 4376 auguraris
1235 4318 1241 4354 :
1256 4294 1285 4354 in
1295 4293 1375 4372 judi-

224 4391 273 4451 cio
284 4409 353 4452 vero
365 4390 402 4451 de
414 4391 507 4452 Nobis
518 4398 572 4453 tuo
585 4390 657 4452 nibil
671 4391 737 4471 ipsi,
752 4392 809 4453 nisi
822 4393 1053 4472 humanitatem,
1069 4396 1223 4476 pictatem,
1238 4411 1272 4453 ac
1286 4392 1374 4454 vebo

224 4507 310 4550 mens
326 4487 355 4548 in
368 4489 427 4548 Nos
446 4488 536 4551 animi
556 4490 598 4552 tui
617 4489 749 4552 studium
767 4493 965 4572 agnosaiums.
987 4494 1048 4554 Nos
1068 4493 1197 4555 invicem
1221 4492 1261 4554 ita
1279 4491 1307 4552 in
1323 4498 1371 4567 tc,
