3194 5354
239 431 255 477 2>
667 428 868 481 clrzllun'lls
888 430 953 483 xll'

238 529 371 608 plicaret.
394 529 656 590 persuasissimum
677 531 756 592 enim
780 533 851 594 illud
866 552 930 594 csse
951 535 1095 612 Maiestati
1115 541 1174 594 lure
1194 535 1388 598 vehementer

237 633 395 704 optumus,
408 627 526 686 nullum
541 625 631 686 cilicii
647 645 759 703 genua,
779 629 895 689 nullum
907 628 1064 707 singularis
1078 628 1291 689 benevolente
1304 631 1386 690 testi·

235 721 370 781 numium
383 722 530 800 proficisci
543 741 561 783 a
574 721 664 783 Nobis
676 741 777 802 posse,
793 723 876 804 quod
887 742 949 786 nou
961 723 1153 785 libentissime
1164 723 1194 783 in
1207 730 1236 783 te
1246 723 1385 787 conferre

233 818 406 898 cupiamm,
429 825 462 878 ut
482 820 523 880 ita
537 827 672 880 nostrum
680 837 833 880 summum
846 818 997 896 studium,
1011 827 1100 900 atque
1111 819 1252 880 eximiam
1267 839 1338 898 erga
1354 829 1385 884 te

233 918 417 979 voluntatem
430 918 528 998 reipsa
536 918 565 977 in
576 917 715 978 omnibus
726 917 776 977 tibi
787 919 1029 999 comprobemus.
1037 921 1164 979 Demum
1174 919 1258 978 alleo
1268 920 1385 999 optimo

233 1016 368 1076 uroximo
381 1017 467 1077 enixe
488 1015 633 1096 petimus,
658 1021 691 1075 ut
713 1015 826 1078 faustos
848 1034 949 1078 rerum
971 1024 1111 1094 tuamm,
1125 1018 1382 1100 consiliommque

231 1110 367 1171 munium
388 1129 544 1172 successus
560 1130 626 1171 esse
642 1110 727 1186 velit,
743 1129 860 1192 nosque
873 1112 1037 1174 celestium
1050 1130 1211 1174 muncrum
1225 1115 1381 1194 auspicem

231 1208 427 1287 apostolicam
440 1208 679 1269 benedictionem
692 1209 762 1285 tibi,
791 1209 942 1270 carissime
958 1210 987 1269 in
1001 1208 1117 1269 Christo
1131 1208 1171 1268 srli
1184 1214 1296 1283 noster,
1315 1212 1382 1271 uni-

231 1325 383 1386 versaequc
401 1308 491 1386 regiae
510 1306 613 1368 domui
631 1313 691 1367 ture
712 1307 913 1370 amantissime
927 1308 1125 1388 impertimur.
1153 1310 1265 1368 Datum
1280 1310 1381 1368 Itomae

229 1407 314 1482 apud
335 1407 363 1467 S.
386 1408 515 1466 Mariam
530 1407 677 1481 timorem
690 1405 745 1466 sut
761 1404 875 1467 annulo
893 1406 1068 1487 Piscatortr,
1082 1407 1131 1467 die
1146 1419 1179 1468 14
1195 1409 1277 1473 iunii
1292 1418 1380 1480 1769,

228 1502 421 1577 pontificatus
434 1505 530 1561 nostrl
541 1519 622 1562 nano
641 1507 748 1580 primo.

786 1715 824 1783 ll.

494 1870 654 1913 clausuro
676 1872 708 1913 m
729 1869 866 1913 euursro
888 1868 967 1911 rrum
988 1868 1104 1912 nosruo

202 2059 205 2066 Ι
312 1976 479 2036 losuruo
502 1978 542 2036 lN
564 1976 815 2038 ROMANORUM
838 1973 1123 2033 lMPEllATOllEll
1147 1973 1293 2033 ELECTO

533 2096 768 2176 CLllblENS
796 2097 928 2175 ΡΑΡΑ
959 2096 1063 2171 XIV.

1019 2271 1117 2321 Roma,
1133 2270 1159 2314 ll
1177 2264 1238 2325 junii
1257 2269 1324 2315 1769.

265 2375 439 2444 (lar-ismae,
455 2380 511 2433 etc.
526 2373 571 2433 ob
583 2372 721 2450 egregias
730 2372 820 2433 artimi
834 2371 922 2432 dotes
932 2389 968 2431 ac
978 2370 1144 2447 singulares
1155 2371 1292 2448 virtutes,
1303 2373 1371 2453 qui·

225 2466 279 2525 bus
299 2468 462 2544 lllajestatis
476 2474 536 2528 tuae
556 2467 636 2547 apud
658 2482 714 2526 nos
727 2475 888 2538 oratorem,
904 2465 1109 2526 consibnrium
1125 2466 1283 2541 actualem,
1306 2466 1374 2526 inti·

224 2583 307 2624 mmu
322 2565 519 2627 numeralium
533 2565 677 2627 dilectum
690 2564 785 2626 filium
801 2563 932 2625 nobilem
943 2565 1041 2626 virum
1057 2568 1215 2626 Ernestum
1229 2565 1372 2626 comitem

222 2658 260 2718 de
277 2660 399 2721 llauuitz
420 2660 554 2739 liittbcrg
579 2660 842 2721 instructissimum
865 2678 930 2722 esse
951 2661 1158 2737 cognovimus,
1180 2660 1372 2722 vehementer

222 2772 294 2814 saue
308 2773 498 2835 (eriperemus,
512 2763 545 2817 ut
559 2757 638 2817 idern
652 2762 723 2836 post
735 2756 941 2834 gratulationis
954 2774 989 2816 ac
1002 2755 1100 2817 filialis
1113 2755 1308 2818 observantiae
1320 2765 1374 2819 tuo

221 2849 342 2909 nomine
355 2851 493 2930 praestitae
507 2852 608 2914 ollieia
625 2853 769 2931 praeclare
787 2852 943 2913 nobiscum
955 2859 1076 2932 peracta
1087 2851 1196 2913 diutius
1207 2870 1299 2932 penes
1311 2852 1372 2913 Nos

219 2957 471 3012 commoraretur.
485 2951 631 3025 Quoniam
643 2956 744 3012 autem
758 2950 902 3011 cumdem
916 2948 1131 3028 Neapolitanae,
1147 2966 1206 3028 qua
1220 2944 1372 3028 perfungi·

219 3056 276 3120 tur,
292 3046 449 3124 legationis
467 3047 598 3109 rationes
618 3047 689 3108 illuc
702 3051 856 3122 revocant,
872 3043 1129 3125 quemadmodum
1144 3042 1313 3104 venientem
1332 3045 1370 3105 ad

218 3145 279 3204 Nos
293 3143 485 3207 libentissime
499 3145 686 3225 excopimus,
701 3145 742 3205 ita
754 3151 807 3204 tuo
824 3145 911 3222 jussu
931 3140 1174 3222 proficiscentem
1194 3139 1368 3201 luculentis·

218 3236 300 3296 simis
316 3237 477 3316 pontificiae
500 3238 718 3300 benevolentias
740 3237 916 3299 testimoniis
936 3236 1157 3317 prosequimur,
1173 3241 1204 3297 el
1223 3233 1368 3313 Maiestati

219 3339 291 3407 tuae,
312 3352 387 3414 quas
407 3335 562 3396 uberiores
584 3336 656 3396 dare
673 3353 834 3416 possumus
848 3337 878 3397 in
902 3336 1064 3398 commisso
1083 3334 1223 3396 obeundo
1245 3353 1368 3398 munere

218 3431 297 3491 illius
311 3431 393 3506 srdei,
405 3432 584 3512 pmdentiae,
599 3450 634 3495 ac
647 3434 676 3495 in
691 3436 751 3496 Nos
764 3435 881 3514 pictatis
890 3432 1122 3513 significationes
1135 3435 1289 3497 universas
1303 3437 1369 3498 red·

217 3529 328 3590 dimus.
344 3532 437 3590 Porro
458 3529 638 3593 confidimus
661 3531 738 3606 lore,
754 3541 785 3594 ut
799 3533 880 3594 idem
902 3533 1089 3611 Maiestatem
1103 3537 1187 3595 tuam
1209 3533 1367 3597 certiorem

217 3633 304 3694 leniat
315 3633 353 3695 dc
374 3631 468 3694 nostri
486 3631 517 3692 in
528 3636 558 3693 to
570 3631 660 3694 studii
682 3642 771 3714 atqua
787 3632 897 3694 amoris
911 3632 1129 3711 magnitudine,
1143 3632 1256 3713 tibique
1276 3631 1367 3710 signi-

216 3725 299 3800 llcct,
315 3743 407 3805 quam
420 3725 574 3804 ingentem
588 3745 673 3808 spem
687 3727 725 3789 de
737 3736 789 3790 tua
802 3728 872 3790 satis
884 3729 1023 3789 omnibus
1037 3733 1194 3809 perspecta
1210 3728 1364 3807 religione,

215 3827 307 3900 atque
327 3820 357 3879 in
372 3821 444 3895 Nos,
466 3837 502 3880 ac
524 3829 659 3885 sanctam
678 3824 756 3885 hanc
778 3823 881 3886 sedem
902 3824 1042 3905 peculiari
1066 3823 1166 3886 studio
1189 3824 1363 3887 habeamus.

216 3917 328 3977 llilccto
342 3916 405 3977 tilio
418 3922 521 3978 nostro
535 3921 703 3983 Alexandro
723 3922 752 3981 S.
770 3923 806 3982 u.
824 3923 857 3981 E.
882 3921 1013 3983 Diacono
1026 3918 1169 3981 cardinali
1183 3918 1301 3980 Albano
1314 3917 1366 3979 de

216 4014 391 4075 nrandatum
405 4031 482 4089 esse,
500 4021 533 4074 ut
546 4017 708 4094 blajcstatis
722 4025 898 4080 tuaenerum
913 4016 1060 4077 curationi
1070 4033 1199 4095 praeesso
1212 4020 1363 4096 pergeret,

216 4110 307 4171 Nobis
319 4112 638 4191 esrjncundissimum,
662 4114 747 4175 illum
763 4113 888 4174 enimet
909 4113 1027 4193 plurimi
1041 4112 1178 4191 facimus,
1195 4121 1226 4177 et
1240 4128 1365 4191 magno·

215 4225 287 4285 pero
307 4210 457 4290 diligimus
476 4217 507 4272 et
522 4211 679 4290 diligenter
702 4210 888 4285 curabimus,
915 4217 948 4272 ut
961 4211 992 4272 in
1004 4213 1124 4291 egregia
1145 4209 1313 4274 sacerdotio
1327 4225 1363 4268 ac

215 4306 339 4384 imperio
364 4295 500 4371 naranda
520 4327 613 4388 opera
632 4308 730 4369 nullas
752 4315 886 4387 paternae
908 4312 1020 4371 uostrae
1044 4307 1234 4389 benignitatis
1262 4311 1363 4385 partes

215 4405 372 4466 desideret.
394 4410 512 4469 luterim
534 4407 680 4485 blajcsteli
700 4414 760 4468 tum
782 4409 876 4468 olleo
891 4406 1040 4471 bonorum
1062 4409 1197 4472 omnium
1219 4402 1361 4483 largitore
