3194 5354
492 494 675 551 EPlSTOLAE
691 496 737 551 ΕΤ
755 497 890 552 BREVlA
906 496 1139 552 SELEOEIORA.
1342 507 1390 556 123

242 600 418 663 deratorum
429 599 568 661 ordinum
580 600 715 662 dominio
728 601 869 681 inBelgio
879 601 1022 679 subjectis
1030 601 1204 680 declaravit,
1215 605 1275 666 Nos
1286 604 1390 669 iisdem

240 698 432 760 declaramus
450 716 507 778 pro
523 689 663 760 Praesidio
681 698 804 761 Militari
816 699 901 761 istius
925 699 1054 761 civitatis
1066 698 1229 776 omnia,
1250 720 1318 782 que
1332 708 1393 765 tune

242 794 383 858 Dioecesis
396 813 467 876 pars
479 802 537 872 est,
561 814 597 857 ac
611 795 770 858 Borussico
787 795 942 858 Anatolicc
959 795 1088 876 Principi
1101 803 1198 876 paret,
1216 798 1314 861 valide
1328 800 1390 863 sci-

242 880 311 955 licet
325 910 391 954 esse
411 891 462 954 illa
479 892 688 967 matrimonio,
705 912 772 973 qua
789 892 901 954 ibidem
912 910 973 954 uon
989 891 1204 973 infrequenter,
1220 901 1252 954 ut
1265 895 1387 973 scribis,

246 989 474 1065 contrabuntur,
497 989 573 1050 iuter
586 997 687 1071 partes
704 1008 797 1052 nnaru
806 989 1004 1066 catholicam,
1018 996 1048 1050 et
1064 989 1189 1050 alteram
1200 989 1387 1069 hereticam
1502 1069 1507 1078 Ι

243 1087 299 1149 etsi
315 1085 421 1150 eadem
436 1087 539 1149 illicita
555 1088 631 1164 sint,
647 1095 738 1168 atque
753 1087 865 1150 idcirco
884 1087 924 1148 ab
937 1087 1072 1149 Ecclesia
1089 1086 1232 1149 damnata
1245 1095 1275 1149 et
1293 1089 1388 1152 iuter-

238 1187 320 1249 dicta
337 1188 397 1265 ita,
413 1194 447 1249 ut
464 1187 588 1269 parochi
611 1187 723 1249 nedum
743 1204 922 1249 consensum
947 1205 982 1248 ac
1002 1187 1190 1267 presentiam
1215 1187 1275 1248 ullo
1296 1190 1387 1250 modo

238 1290 378 1366 prestare
396 1284 529 1365 possint,
551 1284 680 1346 debeant
695 1285 959 1366 etiam,quantum
980 1285 1011 1346 in
1024 1285 1097 1367 ipsis
1110 1294 1173 1363 est,
1196 1286 1387 1350 intervertere

237 1381 363 1445 omnino
381 1382 436 1443 bas
447 1382 587 1462 nuptias,
598 1389 687 1462 atque
701 1382 857 1462 impedire.
869 1383 899 1444 Si
911 1401 982 1444 vero
995 1382 1189 1445 mbilominus
1202 1383 1387 1448 clandestine

237 1484 398 1540 contractae
414 1477 540 1556 luerint,
556 1478 710 1540 vinculum
732 1477 805 1540 illud
818 1486 998 1560 perpetuum
1011 1477 1088 1554 erit,
1105 1486 1135 1539 et
1148 1497 1218 1558 pars
1238 1479 1386 1540 catholica

236 1595 346 1657 porro,
362 1576 386 1637 si
408 1576 478 1637 lacti
499 1575 646 1656 poenitens
663 1576 780 1638 veniam
797 1579 892 1639 allec
911 1585 1062 1659 precetur,
1079 1579 1189 1659 poterit
1209 1579 1326 1643 admitti
1347 1581 1385 1642 ad

209 1722 214 1735 .
235 1680 434 1751 sacramenta,
447 1672 594 1754 impositis
607 1671 706 1736 eidem
719 1673 899 1736 salutaribus
913 1675 1104 1755 poenitcntiis.

277 1772 416 1834 Postulas
428 1790 536 1852 porro,
554 1778 588 1833 ut
605 1771 635 1833 in
651 1771 769 1834 duabus
782 1779 843 1835 tune
853 1771 990 1834 dioecesis
1001 1772 1167 1852 parochiis,
1177 1790 1243 1852 que
1256 1772 1288 1834 in
1304 1779 1385 1835 tcm-

233 1871 389 1952 pornlibus
404 1871 531 1932 Palatini
549 1870 625 1949 juris
636 1877 722 1948 sunt,
734 1870 816 1933 lestis
830 1868 1020 1946 illisdiebus‚
1033 1869 1142 1949 quibus
1161 1868 1279 1931 servilia
1292 1888 1384 1950 opera

233 1967 366 2027 exerceri
389 1984 477 2046 posse
494 1966 673 2028 Benedictm
686 1968 765 2044 XIV,
778 1975 812 2029 ut
825 1966 950 2045 scribis,
971 1966 1167 2042 ccucrssit‚a
1187 1972 1274 2028 sacro
1291 1965 1383 2028 etiam

235 2063 385 2125 audiendo
399 2065 546 2145 populum
559 2064 700 2127 cumdem
713 2066 841 2128 liberum
852 2084 917 2128 esse
932 2064 1155 2146 permittamus.
1167 2064 1228 2126 Nos
1240 2063 1329 2142 igitur
1347 2064 1383 2126 iis

229 2160 435 2223 incommodis
447 2161 588 2242 permoti,
600 2180 667 2243 que
677 2169 819 2225 emanant
831 2164 861 2224 in
872 2179 1032 2245 pauperes,
1050 2179 1086 2222 ac
1098 2160 1128 2222 in
1140 2179 1193 2223 eos
1203 2161 1381 2241 prasertim,

234 2256 287 2337 qui
308 2275 401 2337 opera
423 2276 459 2320 ac
476 2258 581 2321 labore
602 2258 632 2320 in
655 2259 788 2321 colendis
812 2260 890 2340 agris
912 2259 1006 2321 vitam
1028 2275 1104 2337 egre
1129 2264 1314 2333 sustentant,
1328 2257 1380 2333 illi,

235 2371 328 2435 quam
339 2354 433 2417 Nobis
445 2355 656 2434 commendas,
668 2357 712 2418 tui
725 2358 823 2438 gregis
835 2357 967 2439 portioni
978 2358 1135 2419 consulere
1149 2357 1294 2434 uolentes,
1305 2359 1382 2420 Fra-

232 2451 371 2513 ternitati
389 2457 448 2514 tua
458 2470 513 2533 per
522 2460 682 2534 presentes
692 2454 807 2516 litteras
821 2454 1050 2531 committimus,
1065 2461 1098 2515 ut
1108 2471 1213 2517 omnes
1224 2454 1380 2535 utriusque

231 2569 318 2613 sexus
332 2551 437 2614 lideles
451 2552 563 2614 ibidem
583 2553 745 2615 existentes
758 2552 794 2614 iis
813 2551 935 2626 diebus,
953 2552 1064 2633 quibus
1082 2551 1233 2614 servilium
1253 2570 1380 2632 operum

232 2649 408 2711 exercitium
422 2656 468 2711 est
480 2649 678 2730 permissum,
692 2650 732 2711 ab
751 2667 841 2712 onere
855 2650 948 2712 etiam
968 2648 1110 2711 audiendi
1123 2667 1243 2711 sacrum
1254 2646 1381 2730 dispen-

230 2763 307 2823 sare,
321 2747 358 2823 si,
370 2754 401 2809 et
411 2755 561 2827 quatenus
570 2749 775 2811 necessarium
788 2748 909 2810 duxeris
921 2751 1029 2829 (super
1043 2747 1153 2828 quibus
1164 2747 1378 2810 conscientiam

228 2852 313 2906 tuam
330 2850 512 2924 oneramus)
529 2849 708 2910 auctoritate
720 2846 886 2927 apostolico
898 2846 1009 2925 possis,
1021 2845 1171 2907 etvaleas.
1187 2844 1263 2916 Quia
1276 2850 1378 2905 tamen

226 2945 421 3008 vehementer
431 2952 583 3026 optamus,
594 2953 628 3008 ut
640 2945 772 3025 populus
784 2944 885 3023 aliquo
894 2942 1014 3003 studeat
1023 2947 1148 3002 externo
1158 2938 1280 3019 pietatis
1287 2956 1380 3018 opere

227 3060 439 3122 compensare,
451 3042 599 3122 quidquid
610 3042 653 3102 ita
666 3041 756 3102 luerit
771 3040 810 3100 ab
823 3045 946 3099 externa
962 3037 1067 3097 itidem
1084 3035 1256 3098 celebritate
1274 3035 1378 3098 immi-

226 3144 352 3215 nutum;
368 3138 586 3200 committimus
603 3137 716 3199 idcirco
735 3134 927 3197 Fraternitati
939 3140 999 3197 tuse
1008 3157 1017 3210 3
1033 3139 1067 3193 ut
1079 3132 1177 3194 eidem
1195 3131 1244 3193 vel
1263 3132 1377 3213 aliquot

224 3253 342 3316 preces,
356 3236 403 3297 vel
423 3236 505 3298 aliud
518 3234 683 3317 quodpiam
697 3240 855 3296 externum
865 3232 951 3314 pium
966 3231 1143 3294 exercitium
1155 3231 1305 3312 injungas,
1326 3235 1376 3297 oui

224 3353 333 3396 vacare
344 3333 453 3396 debeat
472 3353 509 3396 eo
528 3333 594 3412 die,
611 3352 674 3415 quo
689 3333 729 3395 ab
746 3331 897 3395 audimdo
908 3350 995 3394 sacro
1011 3330 1212 3412 dispensum.
1229 3332 1375 3394 Caeterum

224 3447 278 3510 per
299 3431 378 3492 bano
401 3430 626 3494 mucessicnem
646 3436 782 3492 nostram
806 3447 867 3492 non
890 3427 1076 3491 intendimus
1102 3427 1215 3508 aliquid
1238 3427 1374 3492 innovari

223 3525 304 3588 circa
322 3529 415 3590 ritum
432 3535 463 3590 et
480 3527 637 3590 servitium
654 3526 757 3604 cbori,
772 3527 854 3588 circa
864 3526 1099 3588 celebrationem
1113 3525 1283 3588 divinorum
1303 3527 1373 3589 clli-

223 3622 350 3698 ciorum,
361 3634 392 3687 et
402 3625 569 3706 prasertim
579 3625 661 3686 circa
675 3624 888 3705 obligationem
897 3624 1004 3704 jejunii
1025 3625 1055 3686 in
1071 3624 1129 3685 illis
1144 3624 1216 3705 ipsis
1226 3623 1308 3686 feriis
1320 3627 1373 3688 cb

224 3726 379 3804 servandi,
393 3726 445 3807 qui
458 3724 633 3807 precedunt
650 3722 727 3786 leste
741 3741 848 3785 eorum
866 3729 1059 3799 sanctorum,
1073 3721 1125 3802 qui
1147 3721 1294 3802 peculiari
1315 3722 1372 3785 bac

223 3821 321 3883 cultus
333 3823 532 3903 praerogativa
552 3822 719 3901 potiuntur.
736 3819 830 3899 quue
853 3818 1044 3899 potissimum
1066 3835 1137 3880 curn
1157 3816 1196 3880 ad
1220 3835 1308 3895 eum,
1322 3818 1370 3880 cui

223 3925 358 3998 spectare
370 3920 518 3982 debemus
539 3919 648 3996 linem,
672 3917 799 3980 minime
818 3916 1021 3980 necessarium
1045 3916 1102 3996 sit,
1122 3916 1314 3980 sollicitudini
1335 3937 1371 3982 ac

222 4015 384 4096 vigilantia
393 4024 454 4081 ture
459 4016 718 4081 commendamus
731 4016 911 4097 blagncpere
924 4014 1047 4077 demum
1059 4013 1371 4077 bortamurFraterni·¹

220 4122 314 4177 tatem
328 4123 425 4193 tuam,
439 4123 474 4177 ut
489 4117 574 4177 illurn
590 4113 756 4196 presertim
772 4114 931 4195 populum,
943 4113 993 4175 cui
1005 4113 1070 4175 bec
1083 4112 1236 4194 impertita
1246 4110 1370 4190 dispeu-

221 4211 297 4272 satio
307 4211 408 4289 luerit,
423 4218 507 4273 tanto
521 4210 628 4289 majori
639 4209 760 4290 pietatis
773 4209 892 4287 ardore,
903 4209 1074 4285 devotione,
1089 4228 1124 4270 ac
1138 4207 1260 4288 spiritus
1270 4207 1368 4271 burni-

222 4306 304 4368 litate
319 4308 357 4368 ad
376 4308 507 4389 reliquos
521 4307 613 4369 festos
629 4306 693 4367 dies
706 4305 901 4368 celebrandos
915 4326 951 4367 ac
965 4304 1195 4368 sanctificandos
1209 4305 1365 4367 accendas.

224 4406 266 4465 Ac
288 4403 319 4465 in
341 4405 501 4484 pontificiae
522 4405 657 4468 caritatis
683 4405 792 4485 pignus
815 4404 1012 4484 apostolicam
1034 4401 1275 4464 benedictionem
1300 4403 1365 4477 tibi,

224 4497 408 4564 Venerabilis
438 4503 550 4581 Frater,
574 4509 689 4582 tuaque
721 4500 790 4561 lidei
820 4500 984 4562 commisso
1014 4499 1144 4580 populo,
1177 4508 1367 4580 peramanter
