3194 5354
335 458 387 506 258
762 452 966 509 obsoletius
983 454 1049 509 xlv

334 556 712 637 proliriusnostronomine
720 558 946 636 Maiestati'rura
956 561 1174 624 coramrelcret
1185 563 1486 635 Veoembilisilrrier

333 653 737 734 losephusdrcbiepiscopus
745 655 911 736 Beryti‚cui
917 657 1166 723 benevolentiam
1172 661 1310 742 prusidio
1316 669 1486 746 tuoprnrto

333 768 396 811 esse
405 757 436 810 te
446 752 1000 832 porrecturnmetomlidimus,etute
1009 774 1192 839 magnopere
1201 760 1344 841 petimus.
1354 766 1486 831 Beuum

332 846 495 908 coelestium
509 847 752 909 benedictionum
769 849 939 930 auspicem,
951 857 982 912 et
992 854 1108 933 paterni
1119 854 1150 916 in
1169 863 1200 921 tc
1214 857 1307 920 saturi
1315 861 1415 923 nostri
1434 863 1487 929 in-

332 945 431 1006 dicem
446 946 641 1025 apostolicsm
650 947 889 1011 benedictionem
903 950 1052 1028 Maiestoti
1064 954 1136 1014 Tim
1144 953 1252 1019 intimo
1260 957 1362 1021 cordis
1372 959 1486 1025 offerus

332 1041 537 1102 amantissime
552 1042 751 1122 impertimur·
767 1046 880 1106 mmm
896 1047 1005 1117 Rerum
1016 1055 1087 1118 etc„
1101 1050 1153 1110 die
1172 1053 1297 1128 ujulr'i
1309 1065 1487 1135 immun

332 1141 461 1216 spiratis
471 1143 569 1197 nostri
578 1157 659 1199 cmm
671 1145 789 1218 priato.

819 1267 994 1281 σ-ι--ι--ι

800 1378 1000 1451 ccxxvnl.

744 1537 933 1579 vestarium
957 1537 1069 1579 ranrm

330 1633 497 1695 Jossruo
511 1634 636 1694 Petito
651 1633 909 1694 rumiliacum
926 1631 1177 1695 nnmouflsrto
1189 1632 1484 1697 nouommuuu

610 1757 871 1835 CLEMENS
909 1758 1040 1834 PAPA
1079 1757 1196 1834 XIV.

1088 1909 1181 1967 nome,
1195 1912 1219 1957 tl
1232 1907 1326 1970 mgusti
1337 1910 1408 1958 rtis.

376 2016 576 2084 Venerabilis,
593 2021 653 2074 alc.
673 2014 879 2077 Incredibilem
900 2016 1036 2079 dolorem
1050 2015 1143 2079 Nobis
1165 2015 1280 2093 attulit,
1292 2014 1484 2083 Venerabilis
1504 2048 1510 2059 ·

333 2116 450 2188 Frater,
469 2113 625 2173 luctuosus
638 2111 668 2172 in
679 2112 779 2192 Cypro
796 2119 853 2174 ture
866 2114 1083 2177 Maronitarum
1096 2112 1238 2177 Ecclesiae
1251 2120 1365 2194 status,
1380 2136 1478 2198 quam

332 2211 361 2270 in
375 2208 552 2289 gravissimo
566 2208 735 2271 mimarum
744 2209 849 2272 salutis
862 2215 893 2270 et
905 2209 1056 2290 religionis
1068 2209 1242 2272 discrimine
1259 2211 1372 2273 versari
1385 2211 1477 2275 intei-

331 2308 460 2386 ligimus.
479 2304 644 2386 Siquidem
665 2305 702 2365 ad
716 2307 777 2367 Nos
796 2305 919 2368 affertur
933 2325 993 2369 nou
1015 2308 1115 2371 solum
1127 2305 1262 2369 divinum
1277 2307 1396 2373 cultum
1414 2327 1481 2371 csse

332 2404 535 2475 imminutum,
548 2402 732 2463 eteoclesias
745 2403 837 2464 sacris
848 2403 1060 2483 supellectibus
1078 2403 1240 2483 spoliatos,
1263 2421 1371 2467 verum
1388 2405 1480 2469 etium

330 2501 411 2562 brevi
432 2508 566 2578 tempore
589 2517 683 2578 qrram
709 2500 810 2580 plures
832 2500 890 2563 fide
914 2500 979 2582 ipsu
1009 2501 1129 2582 prodite
1146 2500 1186 2562 ad
1213 2499 1478 2569 schismuimrrm

330 2617 462 2671 errores,
488 2604 577 2675 atque
598 2596 635 2656 ud
660 2595 842 2657 blabumetis
864 2598 1043 2676 pravitatem
1065 2596 1261 2678 transfugisse
1279 2603 1311 2661 et
1330 2600 1478 2679 mojorem

329 2693 463 2776 quotidie
470 2692 641 2770 hujusmodi
652 2692 815 2772 perniciem
823 2693 921 2757 timeri
928 2712 1000 2759 cum
1011 2695 1052 2757 ob
1063 2694 1289 2776 clerumiuopia
1299 2713 1478 2777 oppressum

329 2799 473 2871 terreque
495 2790 626 2852 cobndae
638 2807 674 2850 ac
687 2788 776 2850 victui
791 2791 949 2870 querendo
969 2791 1122 2855 addictum
1142 2790 1191 2852 rix
1207 2791 1360 2873 quispiam
1377 2811 1477 2875 popu-

330 2891 392 2952 lum
407 2890 512 2969 inlege
524 2887 642 2949 Domini
657 2886 804 2963 instruat,
822 2895 911 2968 atque
930 2887 1042 2951 idcirco
1061 2889 1147 2970 pueri
1165 2887 1319 2971 baptismo
1340 2900 1476 2973 recepto,

328 2997 359 3050 et
369 2987 533 3050 christiano
545 2984 756 3047 tantummodo
778 2991 895 3049 retento
905 2987 1046 3064 nomine,
1061 2987 1207 3051 reversio
1220 2990 1390 3055 Turcarum
1408 3008 1479 3055 im-

328 3088 412 3150 ribus
426 3094 515 3168 atque
526 3085 669 3149 institutis
684 3083 871 3147 adolescunt.
886 3087 948 3148 Nos
959 3086 1096 3166 quotidie
1108 3104 1206 3167 neque
1215 3086 1280 3149 haic
1295 3087 1434 3151 accidere
1446 3087 1478 3149 in

329 3189 416 3247 vinea
426 3203 506 3246 cum
516 3190 574 3245 tun
590 3183 791 3245 commissate
801 3182 939 3262 ignorare
953 3183 1146 3263 arbitramur,
1160 3202 1257 3267 neque
1273 3191 1304 3246 te
1320 3184 1417 3264 gregis
1432 3183 1476 3245 tui

328 3281 460 3360 periculo
472 3298 532 3341 non
544 3297 735 3359 summopere
748 3278 932 3342 commoveri
949 3285 1110 3361 putamus,
1124 3287 1156 3343 et
1170 3280 1262 3343 officii
1273 3280 1318 3345 tui
1331 3277 1477 3343 recorde-

252 3379 256 3397 “
329 3377 409 3437 tione
427 3383 458 3436 et
469 3374 560 3435 divini
573 3375 677 3453 judicii
695 3375 806 3437 timore
821 3376 984 3439 excitatum
1004 3382 1034 3439 tc
1055 3376 1095 3441 ad
1118 3377 1223 3458 populi
1240 3377 1283 3440 tui
1305 3374 1477 3439 subsidium

327 3475 407 3535 ultro
421 3489 618 3534 occursurum
632 3477 662 3531 et
673 3472 893 3552 preteritorum
912 3473 1063 3535 malorum
1079 3472 1260 3539 detrimenta
1280 3490 1341 3555 qua
1357 3488 1412 3551 pur
1427 3477 1477 3533 est

327 3592 401 3634 curs
414 3590 449 3634 rc
463 3571 622 3635 sedulitate
631 3578 897 3651 compensaturum
912 3590 977 3635 esse
990 3572 1115 3637 omniuo
1127 3571 1277 3635 ducimus.
1288 3571 1402 3631 Tamen
1415 3586 1477 3651 pro

327 3689 446 3731 summo
465 3668 558 3731 Nobis
570 3668 712 3749 imposita
725 3669 862 3731 omnium
869 3669 1065 3735 ecclesiarum
1085 3667 1283 3733 sollicitudine
1293 3665 1325 3731 id
1339 3665 1444 3749 ipsum
1456 3685 1477 3728 u

327 3776 356 3828 te
382 3768 552 3846 poscimus,
581 3766 765 3828 Venerabilis
788 3768 903 3844 Frater,
935 3774 1024 3848 teque
1043 3785 1097 3848 per
1122 3766 1237 3831 viscera
1261 3762 1477 3831 msericordias

327 3864 378 3924 Dei
398 3864 491 3923 nostri
506 3865 716 3940 olsecrumus,
732 3870 766 3925 ut
783 3864 887 3944 populi
904 3864 1010 3927 Christi
1027 3863 1172 3943 sanguine
1189 3860 1337 3943 retempti
1354 3865 1386 3923 et
1399 3876 1475 3921 cus-

326 3963 414 4027 todiae
431 3969 489 4024 tuse
501 3963 600 4023 traditi
621 3971 651 4024 te
664 3964 822 4041 miserest,
836 3970 870 4026 ut
883 3969 997 4025 eterne
1017 3962 1056 4025 ab
1070 3961 1121 4023 illo
1141 3956 1329 4023 incurrendo
1345 3954 1476 4019 calcini-

327 4071 404 4124 tates
430 4060 468 4122 ad
483 4060 692 4140 opitulandum
714 4067 744 4122 te
757 4068 893 4139 moveat,
907 4066 938 4122 et
952 4067 1010 4122 turs
1031 4059 1156 4123 demum
1168 4057 1276 4119 anime
1289 4054 1418 4119 salutem
1441 4059 1475 4114 ut

327 4179 413 4239 agas,
432 4177 498 4240 que
523 4177 541 4219 u
563 4158 659 4237 gregis
682 4158 726 4220 tui
746 4158 842 4222 salute
863 4158 1014 4237 disjuncti
1039 4175 1106 4219 esse
1122 4155 1207 4217 nullo
1235 4150 1327 4215 modo
1358 4156 1474 4231 potest.

325 4254 440 4330 Optime
464 4254 545 4316 enim
564 4253 642 4315 nosti
664 4254 827 4336 episcopali
848 4255 1014 4317 ministerio
1035 4257 1175 4332 suscepto
1194 4245 1360 4312 arrosime
1382 4245 1474 4307 iidem

326 4360 410 4414 tuam
424 4359 559 4418 Decesse
572 4342 749 4416 obstrictam
764 4355 934 4415 animarum
948 4371 1015 4433 qum
1037 4350 1092 4413 tibi
1107 4345 1367 4420 suntcommissts,
1387 4343 1473 4405 inco-

326 4451 493 4514 lumitatem
508 4463 536 4514 te
555 4454 658 4515 sedulo
673 4469 708 4515 ac
720 4453 834 4517 naviter
849 4459 1025 4514 curmurum
1034 4495 1043 4526 ,
1064 4449 1161 4511 illisis
1180 4447 1210 4510 in
1225 4446 1290 4525 lege
1303 4440 1423 4507 Domini
1437 4458 1472 4502 ac
