3194 5354
346 509 522 564 EPISTOLAE
539 500 583 563 ET
602 502 735 564 bantra
755 502 986 568 salacaloaa.
1189 513 1237 569 tta

96 614 135 676 ad
153 613 270 677 unionis
278 615 495 676 incrementum
513 614 705 677 conterenda.
726 617 810 690 Qarod
832 617 930 698 itaque
945 638 962 678 a
976 618 1067 680 Nobis
1081 626 1238 700 tantopere
1344 639 1355 668 ⁸

95 712 230 793 flagitas,
243 712 400 774 Carissima
420 712 450 772 in
468 711 584 775 Christo
595 712 655 773 lilia
666 719 784 790 nostra,
800 713 918 776 allicere
932 717 1026 797 parati
1039 717 1102 795 jam
1116 736 1236 792 sumus,

95 811 126 872 in
147 829 214 872 eam
235 811 346 873 scilicet
368 811 428 870 Nos
448 810 566 871 venisse
584 810 761 871 sententiam
776 810 829 871 tibi
844 812 1045 891 significamus
1067 815 1238 875 Graeeanico

96 906 228 988 Populo,
242 905 294 987 qui
310 904 448 967 Dioecesis
462 906 613 986 Agrieusis
626 906 701 967 fines
719 906 821 967 incolit
830 952 838 983 ,
861 927 896 968 ac
908 909 1019 970 Latinae
1031 909 1170 971 Ecclesiae
1186 930 1239 991 per

96 1004 239 1065 unionem
248 1011 293 1066 est
304 1003 456 1076 addictus,
467 1004 560 1066 Greci
570 1004 656 1065 Ritus
667 999 848 1084 Episcopum
859 1004 1013 1084 largiendi.
1024 1005 1129 1067 Eidem
1137 1013 1239 1067 tamen

96 1101 175 1163 banc
184 1101 374 1181 imponemus
389 1101 501 1181 legem,
515 1110 548 1164 ut
566 1102 789 1186 Archicpiscopi
799 1103 1006 1183 Strigouiensis
1019 1103 1239 1184 Metropolitani

95 1199 139 1259 tui
160 1199 330 1261 auctoritati
348 1199 467 1279 iurique
484 1198 637 1278 subjectus
657 1199 710 1277 sit,
733 1199 820 1261 etad
833 1207 941 1262 caetera
954 1201 993 1262 ab
1014 1220 1051 1263 co
1071 1202 1240 1281 prestanda
1314 1272 1318 1279 ‚

96 1294 211 1370 officia,
231 1295 306 1357 illud
326 1295 416 1356 etiam
438 1295 650 1375 adjungemus,
668 1304 702 1358 ut
719 1297 765 1358 bis
784 1297 944 1377 quotannis
956 1298 1037 1360 circa
1058 1299 1239 1361 solemniora

97 1392 213 1455 Domini
226 1392 304 1454 festa
315 1392 352 1454 ad
367 1392 526 1470 eumdem,
539 1411 574 1454 ac
586 1393 617 1454 in
629 1393 721 1474 ipsius
734 1393 852 1455 defectu
872 1395 911 1456 ad
925 1396 1096 1458 viciniorem
1111 1397 1239 1477 Episco-

96 1505 168 1570 pum
182 1489 326 1552 aceedere
337 1489 459 1567 debeat,
478 1490 624 1570 totiesque
637 1490 667 1550 iu
678 1489 812 1568 ejusdem
823 1509 931 1552 manus
942 1492 1156 1572 professionem
1170 1493 1239 1554 fidei

94 1592 150 1653 rite
163 1591 357 1654 emittendam
367 1609 521 1653 renovare.
536 1593 632 1666 Quam
646 1590 816 1652 cautionem
827 1591 888 1651 Nos
907 1591 937 1653 iu
950 1599 1012 1653 tam
1022 1593 1104 1671 gravi
1114 1608 1147 1654 re
1157 1593 1240 1654 adhi-

97 1688 225 1750 bendam
245 1707 310 1752 esse
329 1689 482 1765 ducimus,
497 1695 531 1750 ut
547 1689 605 1750 boc
625 1690 740 1767 majore
762 1689 911 1768 religionis
927 1689 1048 1751 vinculo
1066 1690 1143 1751 illius
1162 1709 1239 1751 con-

96 1787 251 1848 scientiam
266 1787 304 1849 ad
316 1784 553 1847 confirmandam
570 1786 733 1847 Nobiscum
746 1785 965 1867 fovendamque
986 1789 1129 1850 unionem
1142 1789 1238 1868 magis

97 1885 249 1965 magisque
262 1885 515 1964 constringamus3
531 1903 623 1965 quam
637 1885 759 1966 quidem
778 1885 815 1946 ad
832 1885 985 1964 publicam
998 1886 1088 1947 etiam
1103 1886 1238 1966 Populo-

98 1999 166 2044 rum
187 1982 339 2061 Regnique
350 1981 394 2041 tui
414 1981 604 2043 securitatem
623 1983 815 2044 vehementer
829 1982 997 2044 conducere
1010 2001 1080 2044 cum
1095 1983 1148 2044 tibi
1164 2002 1238 2063 per-

97 2080 300 2142 tuasissimum
320 2095 386 2138 esse
406 2079 479 2139 certi
501 2079 612 2157 simus,
632 2081 755 2142 minime
773 2080 967 2160 ambigimus,
988 2081 1059 2159 quin
1083 2080 1119 2140 ad
1135 2098 1238 2141 consr-

95 2176 250 2259 quendum
265 2175 419 2255 utriusque
432 2177 544 2256 pariter
558 2178 775 2240 incrementmn
792 2179 831 2239 sis
845 2196 968 2239 omnem
987 2178 1100 2256 regiam
1115 2194 1236 2250 curam,
1256 2230 1257 2235 ,

17 2297 24 2312 ·
96 2293 220 2356 operam
242 2281 331 2354 atque
350 2272 557 2334 auctoritatem
571 2282 654 2336 tuam
676 2274 806 2334 maxime
826 2275 983 2335 collatura.
1007 2277 1104 2353 Atque
1123 2274 1187 2336 haee
1200 2274 1238 2333 de

94 2380 148 2434 tua
161 2373 287 2453 pietate,
305 2370 460 2449 religione,
473 2388 509 2431 ac
523 2370 631 2432 virtute
649 2370 760 2432 fiducia
772 2389 965 2452 summopere
978 2372 1039 2433 Nos
1053 2372 1083 2431 in
1099 2379 1238 2451 suscepto

96 2470 220 2531 consilio
234 2469 403 2543 confirmat,
425 2467 566 2548 quodque
582 2467 751 2530 faciendum
766 2468 968 2544 decrevimus,
985 2468 1016 2527 id
1037 2468 1132 2529 multo
1150 2468 1238 2548 cupi-

97 2566 165 2629 dius
179 2567 365 2646 alacriusque
379 2566 538 2646 praestituri
555 2585 675 2643 sumus,
691 2574 725 2628 ut
737 2567 829 2628 etiam
843 2566 1111 2628 luculentissimam
1124 2584 1195 2644 erga
1210 2577 1238 2625 te

99 2667 282 2728 voluntatem
296 2671 430 2727 nostram
443 2666 528 2727 novis
546 2665 718 2745 hujusmodi
732 2667 919 2728 uberioribus
931 2666 1094 2728 Pontificius
1105 2665 1238 2726 caritatis
1286 2677 1288 2681 ’
1330 2679 1331 2684 ’

95 2765 276 2846 argumentis
291 2765 386 2844 magis
407 2771 549 2825 testatum
572 2764 727 2826 faciamus.
753 2765 892 2845 Superest
914 2782 1008 2835 nune,
1032 2769 1065 2822 ut
1085 2781 1154 2823 eum
1174 2763 1238 2842 ipsa

93 2884 245 2945 proponas
256 2863 348 2925 Nobis
358 2881 394 2924 ac
407 2864 542 2924 nomines
555 2863 653 2924 virum
663 2907 671 2938 ,
681 2879 771 2941 quem
783 2861 879 2939 magis
888 2860 1028 2921 idoneum
1040 2877 1103 2918 csse
1116 2858 1153 2918 ad
1167 2858 1236 2918 illud

94 2962 243 3042 pastorale
257 2975 367 3020 munus
376 2959 570 3036 judicaveris,
581 2966 614 3019 ut
625 2948 754 3019 eundem
768 2959 828 3019 Nos
840 2958 871 3018 in
888 2958 1069 3037 Episcopum
1081 2957 1165 3016 Clero
1177 2959 1238 3016 Po-

91 3057 223 3138 puloque
242 3054 460 3116 Munkacsieusi
478 3049 673 3134 prelatorum
687 3052 843 3130 eligamus.
861 3055 905 3112 Ac
928 3052 1123 3133 apostolicum
1143 3052 1237 3111 bene-

91 3147 253 3216 dictionem
275 3151 372 3231 llegiae
393 3148 541 3228 Molestati
562 3151 648 3224 Tua,
670 3146 783 3228 totique
803 3150 944 3227 Augustae
963 3147 1055 3209 Nobis
1077 3146 1236 3208 carissimae
1290 3197 1292 3200 Α

95 3249 203 3312 Domui
216 3249 322 3310 intimo
332 3247 448 3329 paterni
463 3245 561 3308 cordis
581 3263 669 3307 sensu
684 3245 888 3307 amantissime
907 3245 1105 3326 impertimur.
1123 3247 1237 3306 Datum

94 3345 203 3416 llomoe,
214 3355 284 3415 etc„
307 3347 358 3406 die
374 3357 406 3405 tv
423 3344 587 3404 acuemlmb
602 3354 687 3419 1770,
696 3346 885 3420 pontificatus
898 3348 990 3403 nostri
1005 3343 1234 3403 cnaoaernado.

607 3539 717 3609 CXVI.

339 3680 513 3730 CARISSIKAE
535 3689 569 3730 IN
591 3687 722 3730 cnalsro
744 3687 839 3730 stalle
861 3686 985 3729 NOSTRAE

135 3783 268 3844 MARIAE
287 3784 489 3845 THERESIAE
509 3776 725 3846 nunctum
752 3778 910 3845 REGINAE
930 3779 1194 3857 APOSTOLICAE,

361 3901 485 3950 NECNON
501 3901 653 3950 aonam
670 3900 794 3949 lvaGlNAE
811 3898 966 3957 lanosum,

273 3997 306 4044 ln
322 3998 518 4046 nortmanui!
534 3997 769 4047 mecaenatem
786 3996 914 4045 ELEGTAE
931 3997 1051 4055 VlDUAE,

403 4092 636 4171 CLEMENS
664 4095 789 4170 PAPA
819 4093 923 4169 XIV.

805 4227 905 4284 Eomae,
917 4229 945 4273 tt
958 4222 1094 4274 novembris
1111 4224 1178 4268 1770.

137 4310 315 4384 waima,
340 4319 408 4384 etc,
434 4316 490 4376 Vix
510 4316 711 4378 intelleximus
730 4334 766 4376 ex
787 4313 969 4377 Venerabilis
985 4309 1096 4371 Fratris
1113 4309 1234 4370 Antonii

93 4408 218 4490 Eugenii
232 4409 454 4494 Arcbiepiscopi
468 4414 608 4494 Ephesini
622 4413 764 4474 ordinarii
775 4411 876 4474 Nuntii
891 4408 983 4470 nostri
996 4406 1115 4482 litteris,
1127 4424 1188 4486 qua
1204 4408 1241 4466 in

93 4504 239 4567 sententia
251 4505 289 4569 de
304 4507 521 4572 blunltacsionsi
538 4511 659 4589 nogotio
676 4511 815 4587 blajestas
825 4509 890 4568 Tua
908 4510 987 4566 esset
998 4510 1066 4584 post
1080 4511 1233 4584 acceptam

1110 4614 1128 4662 9
