3194 5354
485 507 664 562 Belsinum
683 509 727 562 ΕΓ
744 510 877 563 BREVld
896 510 1126 565 subtectione.
1324 515 1377 564 325

688 703 915 774 CCLXXXlll.

491 878 660 920 cauissxxo
681 879 714 920 m
734 879 868 922 cunxsro
889 879 973 920 rucio
999 879 1117 921 uosruo

409 991 560 1053 CAROLO
579 993 846 1054 HISPANIARUM
866 994 958 1053 REGI
979 992 1196 1054 CATHOLICO

540 1125 774 1206 CLEMENS
800 1129 928 1205 PAPA
956 1126 1061 1202 XIV.

945 1303 1308 1366 comminiscendum.
1362 1306 1372 1316 “

270 1418 448 1489 carissime,
458 1427 513 1480 etc.
528 1419 696 1481 Certissima
713 1437 766 1500 spe
779 1420 955 1481 tenebamur
975 1419 1039 1482 sore
1055 1428 1087 1483 ut
1107 1441 1154 1483 res
1169 1440 1290 1498 omnes,
1302 1441 1370 1503 quae

229 1512 295 1575 istic
308 1514 347 1576 ad
359 1515 563 1578 nuntiaturum
573 1517 768 1597 apostolicum
780 1517 944 1596 pertinent,
956 1536 1012 1598 pro
1021 1519 1117 1598 rtegiae
1128 1520 1291 1597 Majestutis
1300 1522 1372 1582 Tua

227 1605 369 1690 singulari
381 1613 519 1693 equitate
526 1660 535 1691 ,
553 1633 589 1676 ac
601 1633 719 1677 summa
735 1614 764 1675 in
777 1616 837 1675 Nos
850 1614 1056 1676 benevolentia
1068 1615 1099 1676 in
1111 1633 1182 1676 eum
1199 1624 1311 1678 statum
1326 1636 1371 1677 re

226 1707 417 1788 ducerentur,
427 1730 517 1791 quem
527 1714 587 1773 Nos
598 1713 728 1775 maxime
735 1721 916 1794 optaremus.
927 1715 1041 1775 Tamen
1055 1732 1124 1774 cum
1136 1713 1165 1775 id
1181 1714 1279 1794 ipsum
1290 1731 1372 1794 egre·

225 1805 274 1884 gie
283 1806 448 1887 perfectum
459 1809 689 1890 absolutumque
700 1828 764 1872 esse
778 1817 849 1882 ate,
864 1809 1016 1872 carissime
1029 1809 1060 1871 iu
1069 1809 1183 1871 Christo
1201 1809 1243 1870 illi
1256 1819 1369 1886 noster,

228 1909 318 1983 atque
334 1905 436 1967 omnia
449 1905 488 1967 ad
498 1905 636 1968 desiderii
646 1907 739 1968 nostri
753 1907 884 1969 rationes
894 1906 1061 1987 composita
1075 1905 1290 1985 intelleximus,
1303 1916 1368 1969 tan-

226 2011 289 2064 tam
303 2004 371 2065 iude
379 2004 597 2082 jucunditatem
611 2005 764 2084 cepimus,
779 2011 813 2066 ut
830 2004 895 2085 ipsa
908 2004 1073 2085 expectatio
1085 2011 1187 2065 nostra
1199 2022 1235 2065 ac
1251 2022 1370 2066 summa

225 2099 263 2161 de
283 2108 312 2161 tc
326 2101 434 2162 fiducia
453 2101 528 2163 nihil
542 2120 579 2163 ex
592 2110 700 2163 nostre
720 2101 826 2163 letitie
843 2101 1047 2181 magnitudine
1066 2098 1240 2161 detraxerit.
1261 2101 1366 2178 ltaque

224 2215 317 2276 quam
327 2196 473 2259 maximas
490 2216 649 2278 possumus
660 2198 808 2277 Maiestati
822 2200 893 2259 'luc
904 2197 1014 2276 gratias
1027 2204 1058 2258 el
1070 2195 1222 2257 reddimus
1231 2203 1262 2256 et
1271 2193 1368 2255 habe-

224 2310 303 2353 mus.
319 2292 463 2354 Praeclaro
483 2294 541 2355 hoc
556 2293 636 2356 lacto
649 2303 702 2356 tuo
720 2313 813 2356 novas
830 2294 921 2356 Nobis
939 2313 1046 2356 causas
1057 2292 1165 2355 dedisti
1183 2298 1212 2353 te
1226 2290 1367 2352 omnibus

224 2388 320 2449 mutui
339 2389 449 2450 amoris
459 2388 565 2452 officiis
579 2389 794 2471 prosequendi,
808 2397 897 2470 utque
908 2391 964 2451 etsi
978 2379 1061 2452 nulla
1079 2389 1118 2451 ad
1131 2397 1266 2450 nostram
1281 2403 1367 2447 sum-

225 2506 306 2549 mam
330 2506 365 2549 ac
378 2495 533 2568 paternam
546 2489 576 2550 in
588 2495 617 2550 tc
628 2489 783 2551 caritatem
799 2488 862 2551 lieri
873 2489 969 2570 possit
980 2488 1126 2566 accessio,
1142 2497 1244 2549 tamen
1257 2485 1368 2547 eximio

224 2590 277 2646 tuo
291 2584 321 2646 in
335 2587 395 2646 Nos
407 2585 507 2647 animo
525 2587 729 2649 incredibilem
742 2588 773 2648 in
791 2587 883 2649 Nobis
895 2586 1091 2667 cupiditatem
1102 2594 1209 2647 nostre
1220 2582 1300 2644 idem
1311 2583 1366 2643 mi-

224 2683 312 2744 rifice
333 2703 403 2764 erga
420 2690 449 2747 te
471 2685 632 2748 voluntatis
653 2685 743 2748 rebus
769 2685 799 2747 in
823 2685 963 2747 omnibus
985 2682 1196 2748 confirmandae
1217 2681 1363 2743 excitasti.

224 2781 317 2842 Deum
328 2782 479 2861 Optimum
500 2784 663 2845 Maximum
681 2784 767 2845 enixe
784 2802 956 2865 precamur,
969 2790 1002 2845 ul
1014 2802 1070 2863 pro
1090 2788 1142 2843 tua
1161 2781 1311 2865 ergasNos
1331 2798 1365 2839 ac

222 2877 363 2938 Sanctam
376 2878 580 2956 Apostolicam
591 2878 698 2939 Sedem
715 2878 825 2958 pietate
837 2879 867 2939 in
880 2886 925 2955 te,
943 2885 1068 2957 tuosque
1083 2876 1180 2955 regios
1199 2874 1310 2934 liberos
1331 2891 1366 2932 ac

223 2972 392 3033 universam
406 2973 588 3033 Catholicam
602 2976 731 3035 Domum
740 2975 871 3054 optimos
886 2993 1037 3055 quosque,
1054 2979 1143 3052 atque
1162 2968 1367 3050 optatissimos

221 3087 283 3128 suae
304 3067 490 3146 benignitatis
511 3067 625 3128 iructus
642 3067 787 3130 conferat.
810 3071 854 3129 Ac
874 3070 1000 3131 ooelestis
1021 3068 1122 3149 gratie
1136 3065 1305 3146 auspicem,
1331 3083 1366 3124 ac

222 3173 329 3225 nostru
337 3170 467 3244 paterne
476 3163 607 3225 caritatis
617 3163 723 3245 pignus
735 3166 930 3246 apostolicam
944 3165 1183 3228 benedictionem
1197 3161 1294 3242 Regin
1304 3163 1365 3224 lla·
1479 3157 1481 3162 ⁴

218 3262 319 3341 jestati
333 3269 391 3322 tue
411 3261 614 3324 amentissime
632 3263 831 3343 impertimur.
853 3266 966 3325 Datum
984 3266 1101 3332 Romu,
1122 3261 1205 3340 opud
1223 3261 1365 3321 Sanctum

222 3361 349 3421 Mariam
364 3363 516 3437 majorem,
527 3363 580 3420 sub
594 3361 898 3430 AnnuloPiscatoris,
911 3363 986 3423 dice
1001 3360 1174 3440 septembris
1191 3370 1261 3419 lm
1274 3403 1281 3433 ,
1293 3375 1365 3435 poa-

222 3460 350 3534 tificotus
363 3463 460 3519 nostri
473 3477 553 3521 anno
564 3466 649 3521 sexto
