3194 5354
344 439 396 489 168
772 432 977 489 dannanus
995 433 1061 487 xlv

341 541 405 598 sine
419 537 548 617 plurima
563 538 647 599 istius
661 537 789 599 nationis
804 537 985 611 offensione,
1000 555 1035 597 ac
1048 537 1131 615 gravi
1144 539 1234 599 etiam
1247 538 1382 618 periculo
1399 540 1495 603 inter-

340 633 477 695 cedebat.
496 638 534 694 itt
554 634 655 695 <lirino
673 635 760 715 plane
775 633 920 695 bertedcio
940 632 1054 695 lactum
1067 651 1133 694 csse
1149 641 1309 714 putamus,
1331 644 1367 698 ut
1386 638 1493 700 codem

340 750 416 810 pcnc
429 737 564 811 ternpore
578 730 808 809 intelligeremus
824 748 861 790 ex
875 731 985 793 dilecto
1004 730 1066 792 silio
1083 730 1234 810 Stephano
1253 733 1366 812 Borgia
1385 742 1493 797 nosue

339 829 579 907 recrrgregationis
595 827 632 889 de
652 826 847 907 Propaganda
864 826 936 888 Fide
953 827 1131 901 secretario,
1153 827 1297 911 adquam
1311 830 1492 893 recentiores

340 936 398 986 tura
420 933 619 1006 pervenerunt
634 924 756 1000 littera,
775 922 999 986 reconciliatam
1015 941 1080 985 esse
1103 923 1247 1003 gratiam,
1270 942 1308 986 ac
1328 925 1491 991 fraternam

339 1025 446 1104 plane,
468 1043 529 1103 qua
545 1024 672 1086 invicem
693 1041 758 1086 csse
776 1023 909 1100 debetis,
924 1023 1119 1086 concordiam
1136 1022 1214 1085 inter
1233 1041 1286 1084 vos
1308 1024 1489 1087 restitutam.

339 1125 491 1197 Quantum
502 1121 791 1201 igiturmolc'sticcx
807 1122 859 1183 illo
872 1127 973 1183 rastro
989 1121 1114 1184 deado
1124 1126 1212 1182 antm
1220 1136 1418 1200 ceperamus,
1428 1129 1491 1184 tan·

339 1226 404 1279 tum
426 1237 516 1298 porro
533 1217 638 1278 latitia
660 1218 694 1281 in
715 1225 876 1299 paternam
889 1236 942 1280 cor
958 1224 1097 1283 nostram
1112 1236 1151 1279 ex
1170 1217 1228 1279 hcc
1250 1215 1326 1278 inita
1345 1216 1490 1281 intervos

340 1318 535 1379 consensione
548 1317 747 1401 promanavit.
766 1320 808 1379 Te
822 1317 912 1397 igitur
926 1336 960 1378 ac
978 1316 1182 1378 Patriarcham
1197 1323 1347 1394 vestrum,
1359 1336 1489 1397 quorum

338 1435 431 1477 causa
445 1413 645 1477 moerebamus
653 1433 743 1491 ,cnm
753 1433 834 1477 nunc
844 1414 935 1493 hujus
947 1414 1041 1475 nostri
1050 1412 1150 1492 gaudii
1165 1431 1229 1474 csse
1245 1414 1403 1477 videamus
1416 1435 1489 1477 auc·

339 1518 430 1588 tores,
439 1532 476 1577 co
490 1512 678 1575 luculentiori
691 1513 846 1575 Pontificia
856 1512 1064 1574 benevolentia
1072 1511 1349 1592 complectimurac
1359 1514 1488 1594 plurima

338 1610 429 1672 ctiam
441 1610 704 1673 commendatione
716 1630 758 1673 ac·
766 1609 855 1672 lande
868 1610 1074 1684 cumulamus,
1089 1614 1197 1689 utpote
1208 1609 1261 1689 qni
1271 1627 1333 1671 non
1346 1616 1410 1672 tan
1422 1630 1488 1673 sta-

338 1714 431 1788 cepta
443 1707 660 1779 contentionis,
676 1727 768 1790 qaam
788 1707 880 1770 officii
893 1707 1001 1783 vestri,
1012 1706 1191 1785 evangelica
1202 1706 1353 1785 caritatis,
1367 1714 1399 1769 at
1409 1726 1488 1771 corn·

339 1804 421 1866 missi
440 1805 524 1866 robis
540 1806 637 1887 gregis
651 1806 787 1868 utilitatis
799 1824 949 1868 memores
965 1823 1031 1867 esse
1041 1805 1187 1867 voluistis.
1205 1807 1394 1886 Quapropter
1405 1805 1488 1885 qaod

338 1900 486 1981 reliquum
499 1909 558 1977 est,
570 1902 754 1964 Venerabilis
765 1904 879 1979 Frater,
893 1902 948 1965 etsi
960 1901 1084 1963 mirrimc
1096 1901 1188 1964 Nobis
1201 1900 1328 1964 dubium
1340 1918 1407 1964 csso
1415 1922 1488 1982 pos

338 1997 393 2073 sit,
411 1997 484 2078 quin
501 2000 567 2061 ullis
582 2000 710 2081 amplius
722 2000 932 2063 controversiis
949 1998 1165 2079 clismmpsnda
1183 2015 1319 2078 unqmm
1330 1998 1487 2077 sithujus-

337 2095 419 2157 modi
431 2103 598 2159 vestrorum
612 2098 780 2161 animorum
791 2099 1085 2178 conirmctio,tamen
1097 2097 1486 2178 tamegregiecomparatos

338 2213 392 2256 ros
406 2195 568 2276 apostolica
584 2196 675 2258 ctiam
686 2196 860 2257 hortatione
870 2202 973 2257 nostra
986 2194 1083 2274 magis
1096 2193 1250 2273 magisque
1267 2193 1389 2255 tacendi
1398 2196 1485 2276 copi-

338 2310 422 2365 mus,
435 2299 469 2354 nt
479 2293 587 2354 eximia
596 2292 727 2373 quadam
738 2298 946 2377 perpetuaque
952 2290 1160 2352 consensionis
1168 2295 1261 2369 atqrrc
1269 2291 1383 2352 amoris
1392 2309 1485 2353 mna

338 2388 448 2451 latione
462 2391 605 2452 intervos
620 2391 817 2475 imposterum
836 2387 1150 2468 concertatamque
1165 2388 1232 2467 ipso
1241 2386 1485 2450 declaretisatta-

339 2487 422 2546 nimo
436 2487 464 2547 in
483 2488 567 2549 robis
580 2507 646 2550 essa
667 2488 758 2548 vinco
771 2487 890 2548 Domini
905 2485 1092 2562 excolenda,
1107 2505 1143 2548 ac
1155 2484 1298 2547 omnibus
1313 2483 1434 2547 virtum
1450 2503 1485 2548 ac

338 2581 503 2643 sanctitatis
515 2583 658 2662 exemplis
670 2583 850 2645 cremanda
865 2582 1010 2644 studium.
1025 2583 1112 2657 Quod
1124 2601 1194 2644 reru
1213 2581 1251 2643 ad
1262 2582 1483 2663 Nos-pertinet,

336 2677 409 2738 illud
424 2697 495 2739 sanc
510 2680 732 2742 accuratissime
743 2680 969 2761 prestabimus,
984 2699 1021 2743 ne
1038 2699 1173 2762 nnqrmm
1188 2681 1253 2742 sitis
1266 2687 1400 2762 palerna
1411 2700 1484 2743 nos·

336 2780 388 2836 tra
408 2794 478 2855 erga
502 2796 569 2847 vos,
592 2785 782 2858 vestramque
804 2777 957 2840 nationem
981 2780 1114 2842 caritatis
1137 2781 1253 2842 lmcdns
1274 2781 1480 2845 desideraturi.

338 2873 436 2952 Atque
454 2871 484 2932 irl
502 2872 600 2954 ipsiun
616 2873 671 2935 tibi
687 2892 748 2954 qno
760 2872 857 2952 magis
873 2873 1072 2954 persrradeas,
1091 2874 1306 2936 confirmamus
1319 2877 1483 2957 apostolica

336 2966 561 3041 benedictione,
585 2988 677 3050 qnam
699 2974 731 3031 ln
750 2976 859 3031 nostra
879 2970 1041 3031 vohrntatis
1063 2970 1173 3050 pignus
1193 2972 1384 3037 lratemitati
1407 2981 1481 3045 tun,

335 3064 458 3145 eiusque
487 3065 556 3127 fidei
582 3065 752 3128 commissis
775 3064 895 3145 populis
925 3072 1117 3144 peramanter
1142 3065 1342 3146 impartimur.
1374 3071 1483 3134 moa

336 3160 454 3233 Rome,
470 3168 543 3238 etc,
555 3165 606 3222 dic
620 3175 656 3222 ⁶20
664 3165 744 3239 jetti
761 3172 848 3234 tur,
862 3163 1056 3238 pontificatus
1069 3166 1165 3223 acuta*
1174 3179 1259 3224 cono
1271 3170 1371 3226 tertio.

821 3409 991 3478 dxlvtlt.

598 3566 767 3608 canissruo
786 3569 819 3609 m
843 3569 975 3609 caarsro
999 3569 1079 3610 aruo
1098 3569 1217 3612 nosrao

423 3671 651 3731 toscrltodn
674 3673 921 3734 aomanorum
943 3675 1224 3735 lMPllllATOREM
1248 3676 1393 3735 ulcero

643 3795 877 3874 CLE'llllNS
906 3798 1033 3873 PAPd
1063 3797 1168 3873 XIV.

1124 3948 1221 4001 Romae,
1238 3949 1268 3993 tl
1279 3945 1334 4004 julli
1350 3949 1418 3995 177t.

373 4038 554 4111 Carissimo,
578 4049 636 4104 etc.
666 4048 767 4127 Nuper
797 4048 973 4125 significarit
998 4049 1092 4111 Nobis
1112 4050 1238 4112 dilectus
1258 4050 1338 4112 filius
1358 4053 1484 4114 Brunali

332 4151 423 4212 agetis
433 4132 607 4214 'imperiadis
621 4142 689 4199 tuus
705 4140 908 4220 gratissimum
930 4143 993 4205 lore
1009 4147 1148 4226 Angusta
1171 4147 1336 4225 llajestatis
1351 4150 1425 4213 Tua
1434 4194 1445 4227 ,
1458 4150 1485 4211 si

331 4237 433 4290 nostra
444 4232 622 4297 auctoritate
632 4254 806 4298 curaremus
814 4282 822 4314 ,
836 4245 868 4299 ut
881 4240 1131 4304 transmitteretur
1141 4243 1180 4304 ad
1194 4251 1223 4305 tc
1236 4262 1313 4325 aqua
1324 4245 1488 4324 quasdam.

334 4340 425 4399 quam
437 4327 636 4391 camerariam
650 4341 775 4407 rocaut,
795 4334 881 4412 cttjus
896 4334 945 4395 hic
959 4337 1041 4399 mira
1060 4338 1198 4402 lcrurttnr
1212 4341 1404 4419 curationes,
1422 4362 1486 4405 una

332 4438 400 4480 curn
414 4421 612 4506 descriptione
630 4431 728 4492 adhuc
747 4433 836 4512 vulgo
850 4434 989 4513 incogniti
1005 4439 1143 4501 earndenr
1156 4438 1336 4511 coraticiendi
1350 4439 1484 4503 artificii.
