3194 5354
488 488 665 545 EPISTOLAE
684 489 729 542 ΕΤ
747 489 882 544 ΒΒΕἯΑ,
901 489 1135 546 SELECTIORA.
1350 501 1384 550 ⁴5

239 595 429 679 precationes
438 594 590 675 dirigatis,
604 613 640 656 ac
650 595 729 656 sicut
747 594 887 672 monitis,
910 601 940 655 et
951 594 1081 657 consiliis
1095 597 1216 675 vestris,
1232 599 1272 660 ita
1292 601 1383 663 etiam

241 693 380 773 exemplo
398 691 436 754 ad
447 692 595 754 curandas
608 698 672 753 tam
683 709 743 753 sure
762 691 881 768 salutis,
896 710 988 773 quam
999 693 1126 772 publicu
1140 694 1307 777 christiane
1319 699 1383 760 ‘uti-

239 791 331 854 litatis
340 789 471 852 rationes
481 789 682 853 inflammetis.

279 886 366 948 Acin
379 892 488 948 nostre
498 885 632 948 ¹caritatis
647 885 754 966 pignus
766 886 964 967 apostolicam
974 889 1212 952 benedictionem
1223 891 1382 970 vobis‚Ve·

238 984 387 1046 nerabiles
400 985 536 1061 Fratres,
555 991 767 1046 acvestrarnm
779 983 973 1047 ecclesiarum
993 986 1131 1049 fidelibus
1143 988 1263 1068 populis
1273 1006 1382 1050 amsu-

239 1081 352 1142 tissime
362 1081 562 1161 impertimur.
575 1082 687 1142 Datum
702 1080 817 1149 Rome,
830 1080 912 1157 oprcd
921 1079 1063 1144 Sanctam
1077 1086 1206 1144 Monam
1221 1087 1379 1161 Maiorem,

234 1181 284 1240 die
301 1191 335 1241 12
345 1180 513 1241 decembris
525 1189 612 1256 1769,
621 1179 817 1256 pontificatus
830 1181 926 1239 nostri
939 1196 1019 1240 ceno
1027 1184 1138 1258 primo.

747 1398 861 1467 XLlll.

691 1563 824 1607 nrnrcro
844 1552 928 1609 maio

265 1671 460 1735 Joncnnm
477 1672 527 1732 ΑΒ
540 1673 693 1745 ΟΧΟΜΑ,
710 1675 865 1735 οΒΒΙΝῑε
878 1675 1064 1735 limosum
1077 1675 1108 1734 s.
1126 1673 1346 1744 FRAtthSCI,

233 1788 859 1851 oasrmsromonmmsooromnmnun,
874 1791 965 1840 necis
977 1791 1146 1840 cnrnonror
1158 1788 1378 1848 conrmssmo,

542 1894 776 1975 CLEMENS
800 1892 932 1972 ,ΡΑΡΑ
960 1891 1066 1968 XIV.

933 2053 1025 2110 Rome,
1043 2053 1071 2098 tt
1084 2047 1216 2098 decembris
1231 2053 1299 2099 itta.

271 2155 400 2227 Dilecto
420 2161 476 2216 etc.
492 2157 671 2237 Magnopere
688 2158 835 2234 luctamur,
850 2164 895 2233 ut,
916 2174 987 2217 cum
998 2162 1028 2216 te
1049 2155 1089 2215 ob
1104 2153 1263 2234 praeclaras
1282 2154 1376 2214 animi

232 2252 356 2313 virtutes
383 2253 700 2337 accuratissimamque
728 2255 775 2316 vel
802 2254 834 2316 in
855 2255 920 2336 ipsa
940 2253 1027 2333 regie
1054 2251 1129 2313 autre
1156 2251 1378 2330 magnificentia

230 2348 367 2429 religiose
376 2356 539 2432 sancteque
553 2351 874 2428 circumformamus
888 2349 927 2413 ob
937 2348 1096 2426 eximium,
1108 2365 1170 2428 quo
1181 2365 1274 2428 penes
1287 2348 1391 2410 caris.

230 2445 340 2508 simum
355 2447 385 2508 in
399 2447 516 2510 Christo
531 2448 626 2511 tilium
640 2455 778 2512 nostrum
791 2450 929 2512 carolum
939 2447 1152 2529 Hispaniarum
1160 2463 1261 2526 regem
1275 2445 1378 2508 catho

229 2541 320 2603 ticum
334 2541 484 2624 iungeris,
502 2545 674 2610 confessarii
688 2564 799 2610 munus
816 2547 979 2630 episcopali
993 2545 1137 2627 dignitate
1150 2563 1274 2631 ornare,
1291 2564 1326 2607 ac
1338 2545 1386 2636 ad

228 2638 402 2701 Thebanam
425 2643 689 2725 metropolitanam
707 2644 864 2706 ecclesiam
886 2644 1013 2706 evehere
1037 2644 1117 2705 ultro
1139 2641 1374 2720 decreverimus,

229 2733 310 2797 idem
328 2753 408 2798 esses
421 2738 553 2820 pristinae
566 2741 706 2803 amicitiae
715 2743 784 2821 iure
799 2741 1072 2822 coniunctissimus.
1088 2741 1133 2801 Ex
1152 2757 1213 2819 quo
1234 2756 1376 2818 percom-

229 2830 319 2893 mode
334 2832 454 2913 accidit‚
469 2842 503 2897 ut
516 2837 705 2917 egregiorum
718 2840 895 2902 meritorum
905 2847 1028 2901 tuorum
1044 2837 1191 2899 rationem
1203 2835 1333 2913 habere,
1345 2845 1375 2897 et

228 2944 290 2986 una
306 2933 416 2991 nostrae
428 2933 668 3012 propensissime
685 2941 796 3014 ergate
810 2936 956 2997 voluntati
968 2933 1137 2996 satisfacere
1149 2929 1309 3011 possimus.
1333 2933 1375 2991 De

227 3019 286 3081 hac
305 3022 394 3102 igitur
415 3024 532 3087 actione
555 3034 674 3104 nostra,
695 3027 733 3088 de
751 3047 812 3108 qua
834 3028 1020 3090 conficienda
1042 3046 1078 3088 ac
1091 3024 1276 3105 expedienda
1291 3028 1373 3088 omni

228 3136 302 3180 cura
315 3120 487 3183 exsolutum
500 3128 532 3184 te
543 3123 787 3202 essevolumus,
810 3130 844 3186 ut
859 3123 977 3187 exsolio
1000 3122 1047 3184 his
1067 3120 1173 3183 litteris
1194 3119 1309 3183 adnexo
1326 3121 1376 3183 in-

184 3267 186 3271 ,
225 3215 354 3296 mitiges,
367 3235 429 3280 nou
443 3218 540 3300 magis
553 3219 624 3298 tibi,
635 3239 730 3302 quam
744 3221 972 3302 Nobismetipsis
985 3219 1183 3300 gratulamur,
1197 3216 1304 3281 dilecte
1319 3219 1372 3299 fili,

221 3315 306 3395 'quod
323 3315 496 3395 hujusmodi
520 3336 580 3380 non
603 3319 703 3382 solum
721 3319 816 3381 nostri
839 3318 870 3380 in
895 3325 925 3380 te
943 3315 1101 3397 singularis
1125 3315 1253 3393 amoris,
1269 3333 1373 3378 verum

226 3412 557 3477 etiumcumulatissimi
566 3414 640 3477 dete
643 3413 748 3495 iudicii
757 3433 792 3477 ac
803 3413 1031 3478 existimationis
1038 3411 1243 3475 testimonium
1254 3413 1378 3494 publice

225 3509 409 3589 dederimus,
428 3529 548 3592 unaque
567 3517 707 3573 nostrum
723 3511 776 3572 tibi
788 3509 1039 3573 declaraverimus
1052 3515 1172 3589 gratum
1187 3509 1321 3571 animum
1332 3511 1372 3573 ob

224 3608 466 3692 perspectissime
474 3614 525 3672 tna
536 3608 677 3690 ergaNos
687 3607 797 3686 studii,
808 3625 875 3689 que
884 3605 1062 3688 opportunis
1073 3604 1132 3665 tuis
1139 3603 1246 3666 officiis
1254 3606 1373 3668 abunde

225 3706 311 3767 nobis
325 3705 548 3769 suntbactenus
559 3704 749 3770 confirmata.
763 3706 890 3767 Ceteras
903 3704 940 3765 de
953 3709 1005 3766 tuo
1017 3701 1275 3783 archiepiscopatu
1287 3721 1372 3784 spos

226 3799 330 3862 tolicas
351 3800 465 3862 litteras
478 3799 669 3881 propediem,
686 3815 756 3860 cum
772 3798 874 3861 omnia
891 3796 1024 3878 perlecta
1044 3803 1147 3874 erunt,
1164 3795 1202 3857 ad
1218 3803 1247 3858 te
1270 3804 1371 3860 trans—

226 3897 391 3960 mittemus.
410 3897 614 3961 Vehementer
628 3896 722 3961 etiam
738 3897 920 3977 gaudemus,
942 3896 1031 3956 aliam
1051 3913 1172 3975 quoque
1190 3894 1282 3956 Nobis
1302 3915 1371 3976 sup

224 3993 351 4075 peditari
364 3995 472 4057 laetitiae
481 4002 540 4058 tuae
549 3995 738 4058 cumulandae
751 3995 915 4073 rationem,
925 3991 999 4055 dum
1014 3999 1045 4054 te
1058 3992 1201 4054 nimirum
1213 3992 1370 4053 certiorem

224 4086 493 4171 facimus‚causam
501 4094 678 4156 venerabilis
688 4093 764 4156 servi
773 4091 958 4155 lleiJoannis
970 4090 1149 4168 dePalafox,
1157 4090 1194 4150 de
1203 4107 1264 4168 qua
1274 4106 1370 4172 nuper

225 4194 270 4248 est
289 4196 408 4268 actum,
427 4189 512 4252 illum
525 4190 665 4254 habuisse
683 4192 813 4269 exitum,
829 4190 880 4272 qui
904 4210 941 4251 ex
960 4190 1114 4252 voluntate
1127 4194 1229 4250 nostra
1247 4188 1319 4268 suit,
1339 4181 1376 4253 et⁴

224 4292 284 4345 tuae
296 4286 328 4348 in
341 4305 411 4350 eum
421 4288 527 4370 pietati
544 4289 664 4353 futurus
677 4288 714 4352 sit
727 4289 859 4352 maxime
870 4294 1106 4364 consentaneus,
1124 4301 1212 4362 cum,
1227 4285 1300 4366 quid
1311 4287 1369 4348 de-

225 4384 412 4462 cretumsit,
427 4386 571 4449 exaltem
590 4386 672 4450 hisce
687 4387 792 4449 litteris
815 4386 932 4449 adnexo
953 4386 1025 4448 lolio
1045 4399 1219 4462 cognosces.
1241 4382 1310 4445 lda
1339 4390 1369 4444 te

223 4480 414 4544 vehementer
434 4485 581 4564 petimus,
596 4491 630 4547 ut
649 4491 752 4548 nostro
767 4484 889 4548 nomine
908 4482 1062 4546 catholice
1082 4480 1233 4559 majestati
1252 4478 1369 4541 deseras
