3194 5354
403 543 646 600 samsonem
665 543 1049 600 sauvisssuncrrom.
1247 523 1333 603 sn'

153 649 232 731 quiri
249 648 362 730 possbrt
374 648 412 710 ad
422 649 501 720 vim,
513 648 616 724 robur,
632 667 668 710 ac
682 649 866 711 validitatem
881 651 969 727 juxta
982 667 1138 711 sacrorum
1149 666 1301 713 monum

154 745 392 831 praescriptiones
415 745 605 809 tribuendam
627 747 713 808 novis
737 746 820 807 bisce
836 745 964 808 decretis
984 752 1017 807 et
1038 747 1302 810 constitutionibus

153 865 221 926 qum
231 865 249 908 a
260 852 290 906 te
302 863 358 926 pro
373 843 496 924 singulis
507 843 537 905 in
552 843 708 905 Austriaca
716 843 926 923 longobardia
936 843 1041 924 positis
1051 843 1206 906 ordinibus
1217 862 1303 925 regu-

154 942 458 1007 laribusefticiantur.
478 943 613 1022 Cumque
630 943 723 1004 Nobis
745 943 1006 1023 persuasissimum
1026 942 1065 1006 sit
1079 944 1134 1024 ipsi
1149 945 1215 1005 Sue
1233 946 1302 1006 bla-

151 1042 251 1121 jesteti
266 1042 383 1122 optime
396 1048 589 1122 perspectum
604 1040 639 1102 iri
653 1049 838 1122 quantopere
856 1041 971 1104 intersit
989 1042 1028 1104 ed
1041 1043 1206 1104 finnionem
1219 1045 1303 1106 utili-

152 1139 287 1202 taumiu
302 1145 444 1218 suseepto
462 1137 588 1199 consilio
597 1137 851 1217 consequendam,
868 1145 900 1199 ut
919 1138 957 1198 ab
976 1136 1139 1199 Ordinariis
1152 1139 1301 1216 locorum,

154 1237 184 1297 in
202 1236 313 1317 quibus
330 1233 464 1316 predicti
477 1233 596 1296 ordines
607 1233 654 1296 siti
672 1241 743 1295 sunt
754 1240 845 1314 atque
857 1235 950 1295 edam
964 1233 1003 1296 ab
1014 1235 1087 1316 ipsis
1100 1235 1303 1317 superioribus

153 1333 318 1395 eorundem
331 1332 472 1394 ordinum
489 1349 654 1393 aesomnes
668 1331 744 1393 scitu
766 1332 939 1393 necesaria
956 1338 1045 1397 antee
1068 1350 1122 1412 per
1144 1340 1175 1393 te
1194 1333 1304 1412 exqui-

120 1458 126 1472 .
153 1438 270 1506 rantur,
285 1431 399 1510 tibique
414 1431 453 1491 ab
471 1430 578 1491 iisdem
597 1449 718 1492 mmma
731 1429 792 1491 tide
807 1429 985 1507 referantur,
1001 1437 1032 1491 te
1044 1430 1132 1495 valde
1145 1431 1303 1492 hortamur

70 1603 78 1620 Ι
154 1529 190 1589 sd
211 1529 290 1591 banc
311 1529 402 1590 etism
417 1528 603 1609 diligentiam
624 1526 825 1589 adhibendam
849 1550 856 1588 :
880 1527 1045 1608 presertim
1063 1545 1134 1589 cum
1155 1529 1303 1606 Maiestati

153 1629 219 1687 Susa
238 1620 311 1687 nibil
333 1626 446 1706 gebus
468 1626 534 1687 fora
556 1623 718 1701 ducamus,
733 1643 825 1706 quam
846 1631 880 1686 ut
897 1625 1024 1687 verimte
1045 1626 1149 1688 sedulo
1169 1627 1301 1705 cognite,

154 1729 244 1802 atque
262 1723 429 1804 explorata,
442 1741 486 1784 eoe
506 1722 632 1784 demum
651 1722 782 1785 rationes
800 1721 924 1784 stabiliri
941 1723 1073 1803 possint,
1087 1743 1153 1804 que
1172 1743 1250 1785 verse
1273 1731 1304 1784 et

156 1835 357 1896 permansura
370 1816 507 1880 utilitatis
527 1816 706 1897 plenissime
725 1818 800 1894 sint,
823 1825 853 1879 et
876 1818 914 1879 ab
937 1819 1000 1881 ullo
1022 1821 1141 1882 errandi
1167 1819 1303 1900 periculo

154 1914 370 1976 remotissime.
388 1915 458 1987 Qus
478 1932 497 1974 a
519 1918 548 1973 te
562 1913 644 1974 bunc
663 1913 694 1973 in
708 1912 834 1975 modum
847 1914 1013 1975 eorundem
1033 1916 1250 1992 emolumento,
1270 1922 1301 1976 et

154 2010 336 2090 populorum
349 2007 511 2070 commodo
522 2025 589 2068 esse
601 2007 688 2070 facile
701 2015 854 2090 poterunt,
865 2009 960 2072 etille
969 2011 1122 2074 redituum
1136 2014 1302 2094 portiones,

152 2124 230 2186 quas
246 2105 286 2166 ab
308 2103 463 2167 ordinibus
478 2105 665 2183 regularibus
681 2106 910 2187 disjungendos,
933 2116 1022 2190 atque
1046 2110 1221 2172 adimendas
1240 2127 1305 2173 esse

152 2200 301 2279 judicabis
321 2199 569 2276 convenientem,
590 2219 628 2263 sc
643 2202 795 2264 bonomm
808 2203 1082 2267 ecclesiasticorum
1105 2207 1212 2267 rationi
1224 2222 1305 2268 eon-

155 2305 333 2360 sentsneum
356 2312 444 2359 usum
468 2307 690 2380 consequentur
716 2323 723 2360 :
747 2302 851 2364 omnia
875 2302 1005 2384 denique
1023 2303 1115 2364 sacris
1137 2302 1305 2365 canonibus

87 2465 92 2472 ‚
154 2402 332 2474 congruent,
347 2394 462 2475 piisque
471 2396 634 2474 Maiestatis
646 2398 713 2458 Sue
727 2397 805 2463 votis
813 2415 849 2459 ac
863 2407 971 2462 nostre
984 2401 1057 2462 item
1071 2400 1216 2461 voluntati
1228 2415 1306 2460 con-

153 2492 293 2558 sentient.
304 2492 490 2573 lugensinde
501 2501 729 2573 nostraergate
739 2495 1012 2557 benevolentieflet
1024 2495 1166 2572 accessio,
1178 2495 1306 2574 inoujus

155 2597 367 2669 argumentum
377 2589 574 2670 apostolicam
584 2589 823 2652 benedictionem
835 2591 1024 2654 lbatemitati
1042 2598 1099 2652 urs
1115 2596 1306 2672 peramanter
1391 2665 1393 2670 g

156 2685 357 2766 impertimur.
379 2689 491 2750 limum
511 2692 544 2748 in
564 2689 640 2748 Arse
663 2688 840 2768 Gandulpdi
854 2690 1037 2751 Albonensis
1058 2692 1213 2760 Dioecesis,
1233 2696 1304 2758 etc,

155 2784 205 2845 dis
224 2796 255 2843 tr
270 2786 397 2845 octobris
419 2795 506 2859 tnta,
517 2788 710 2862 pontificatus
720 2791 817 2847 nostri
828 2806 907 2847 oeno
921 2796 1041 2866 quomo.

660 3010 807 3090 cuttu(

406 3176 578 3220 CABISSIHE
601 3177 637 3218 lli
660 3178 795 3221 nunlsso
816 3151 910 3223 ΗΠΒ
931 3179 1057 3223 NOSTBAE

203 3281 342 3342 MARlAE
362 3280 562 3341 Tnunmlm
580 3281 796 3343 HUNGAltlAE
816 3281 972 3341 llbfflNAE
993 3279 1255 3354 APOSTollcAE,
1371 3295 1374 3299 ’

422 3397 548 3446 nrcuon
563 3396 717 3448 nonanus
734 3399 861 3449 suornm
877 3399 1036 3458 annuerat,
1257 3406 1259 3411 ¹

338 3505 371 3553 rs
387 3474 586 3578 nonmoams
602 3502 838 3552 mrsnsrnronn
856 3503 984 3552 rurore
997 3504 1120 3564 uince,
1245 3502 1246 3506 ’
1295 3481 1298 3496 “

470 3607 703 3689 CLEMENS
731 3608 859 3689 PAPA
887 3608 994 3689 XIV.

722 3763 785 3809 arcs
797 3754 936 3820 Gendulpbi
948 3757 987 3808 dis
998 3762 1028 3808 tl
1041 3756 1146 3807 octobris
1160 3761 1228 3806 1772.
1266 3822 1273 3831 ,
1295 3777 1298 3796 ι

202 3867 381 3935 Carissimo,
397 3872 453 3926 stc.
466 3863 608 3925 Dedimus
616 3861 656 3923 ad
666 3859 873 3924 venerabilem
885 3860 1021 3919 Fratrem
1031 3855 1307 3935 Antonium-*Euge-

163 3960 247 4022 nium
263 3961 530 4042 Arcbiepiseopum
545 3960 729 4040 Ephesinnm
741 3956 931 4022 ordinarium
948 3961 1086 4017 nostrum
1101 3954 1182 4036 apud
1202 3955 1307 4030 Maies-

160 4062 252 4119 tatem
267 4063 350 4118 tuam
366 4057 510 4119 Nuntium
527 4055 576 4117 die
593 4068 627 4117 tt
643 4056 734 4134 hujus
748 4054 859 4117 mensis
869 4052 900 4114 in
912 4051 1010 4115 forma
1023 4050 1126 4112 Brevis
1145 4049 1259 4109 litteras
1276 4046 1307 4107 in
1376 4116 1378 4120 μ

162 4153 272 4231 quibus
285 4152 385 4232 (quod
394 4169 575 4232 magnopere
587 4158 617 4213 te
628 4170 739 4234 cupere
750 4158 841 4232 nuque
856 4149 978 4213 aflobis
986 4155 1125 4228 expetere
1134 4145 1214 4205 idem
1226 4143 1307 4205 Nun-

162 4249 221 4309 tius
230 4249 447 4328 signiflcaverat
456 4251 466 4325 )
476 4248 517 4309 illi
532 4255 718 4330 opportunas
738 4267 775 4310 ac
788 4247 972 4311 necessarie
990 4244 1147 4306 facultates
1160 4241 1308 4304 concessi—

86 4329 90 4339 '
164 4362 232 4404 mus
242 4343 425 4407 monasteria
435 4345 618 4426 regularium
627 4345 768 4407 ordinum
777 4345 808 4406 in
817 4337 1189 4420 longobardissusuiacs
1195 4337 1305 4419 posits,

166 4441 195 4501 in
212 4441 326 4520 aliquot
339 4441 515 4521 ernplioms,
530 4448 561 4503 et
576 4460 704 4504 numero
718 4440 866 4504 auctiores
877 4436 1005 4498 familias
1016 4433 1194 4512 redigendo,
1204 4441 1238 4496 et
1255 4453 1306 4496 re-

164 4536 245 4602 ditus
267 4537 534 4609 monasteriorum,
561 4537 611 4615 qni
635 4545 704 4617 post
722 4555 826 4598 omnes
849 4552 921 4596 usus
941 4533 1104 4595 earundem
1124 4533 1306 4597 familiarum
