3194 5354
535 354 549 385 t

501 485 682 544 EPISTOLAE
699 489 744 542 ΕΤ
762 489 896 543 nnnvvl
915 489 1150 546 scenderunt.
1351 498 1396 551 tol

250 593 363 658 barum
386 594 460 656 serie
491 594 657 655 litterarum
681 593 885 671 absolventes,
903 603 933 656 et
956 595 1127 657 absolutum
1148 596 1210 657 lore
1228 608 1399 676 censentes,

248 675 337 773 iustis
355 692 392 754 de
416 695 528 768 causis,
545 692 696 772 Nobisque
710 692 789 753 uotis
809 692 1003 753 concedimus
1026 692 1078 753 tibi
1102 695 1266 774 apostolica
1290 704 1400 759 aucto-

250 792 356 868 ritate,
370 809 406 852 ac
425 790 628 870 indulgemus,
643 797 677 851 ut
695 789 835 868 Abbatis,
849 809 902 852 seu
916 791 1068 871 Praepositi
1084 791 1215 852 osticium
1231 792 1397 866 dimittere,

252 909 287 950 ac
305 888 471 968 resignare,
489 897 521 949 et
532 893 566 948 ut
578 887 608 948 iu
625 905 816 968 quacumque
828 887 924 949 Domo
940 887 1083 967 regulari,
1104 888 1164 949 sive
1178 889 1239 965 tui,
1253 890 1314 952 sive
1329 892 1400 953 alte·

249 987 314 1047 rius
326 985 439 1047 ordinis
458 984 656 1062 commorari,
671 983 695 1045 si
716 983 758 1045 ita
770 1003 826 1064 pro
839 992 897 1046 tuae
911 984 1100 1046 conscientie
1113 985 1327 1065 tranquillitate
1339 1008 1397 1070 op

249 1093 413 1165 portunum
426 1081 621 1163 judicaveris,
641 1083 739 1164 possis
758 1089 789 1144 et
802 1084 913 1145 valeas.
929 1084 996 1145 Non
1010 1083 1149 1146 obstante
1162 1090 1216 1145 tuo
1229 1084 1398 1147 stabilitatis

245 1184 347 1261 jurato
358 1188 446 1259 voto,
464 1182 570 1243 ac'uon
585 1180 774 1242 obstantibus
788 1180 891 1241 itidem
903 1180 1180 1258 constitutionibus,
1194 1188 1224 1243 et
1238 1182 1397 1244 ordinatio

247 1280 335 1341 nibus
348 1279 537 1361 apostolicis,
553 1278 656 1359 tuique
674 1277 786 1340 ordinis
808 1278 943 1356 statutis,
957 1278 1102 1355 decretis,
1124 1278 1265 1356 indultis,
1282 1297 1317 1341 ac
1333 1282 1397 1361 pri-

247 1379 375 1458 vilegiis,
398 1378 535 1459 quamvis
557 1376 716 1458 specialem
736 1381 767 1437 et
789 1375 972 1438 individuam
993 1377 1176 1437 mentionem
1194 1377 1394 1457 requirerent,

247 1475 357 1556 quibus
376 1483 480 1537 tenore
499 1475 690 1557 presentium
703 1473 901 1553 derogamus,
916 1475 1081 1555 ceterisque
1099 1475 1255 1536 contrariis
1269 1475 1397 1555 quibus-

244 1592 388 1655 cumque.
400 1576 499 1656 Atque
510 1575 569 1637 boc
577 1574 699 1655 quidem
714 1574 863 1635 indultum
873 1593 910 1636 eo
921 1575 1012 1635 etiam
1024 1574 1078 1635 tibi
1087 1575 1231 1654 largimur
1243 1575 1394 1654 libentius,

246 1672 358 1735 Dilecto
373 1672 415 1734 tili
423 1720 432 1750 ,
450 1693 510 1755 quo
523 1673 637 1736 aditum
652 1672 690 1735 ad
703 1673 776 1734 alios
790 1672 893 1734 itidem
910 1671 1072 1734 Pontificiae
1082 1673 1294 1735 benevolentia
1310 1674 1395 1736 irue-

243 1775 308 1848 tus,
321 1769 345 1831 si
358 1770 468 1850 quibus
481 1786 556 1852 opus
565 1769 670 1845 suerit,
681 1767 889 1850 percipiendos
899 1814 907 1846 ,
919 1766 973 1830 tibi
988 1786 1024 1829 eo
1037 1768 1104 1848 ipso
1115 1777 1219 1849 patere
1234 1770 1391 1850 intelligas.

242 1869 287 1929 llo
298 1865 328 1927 in
342 1872 474 1948 paterna
484 1867 618 1929 caritatis
628 1867 735 1947 pignus
745 1865 943 1946 apostolicam
953 1865 1191 1929 benedictionem
1203 1868 1268 1945 tibi,
1282 1869 1393 1929 Dilecto

241 1961 302 2040 tili,
323 1969 517 2044 peramanter
536 1962 735 2043 impertimur.
752 1964 864 2024 Dotem
879 1964 991 2033 Romo,
1006 1961 1078 2037 ete,
1097 1965 1147 2024 die
1167 1976 1203 2026 ar
1226 1969 1392 2027 novembris

243 2069 331 2134 1770,
346 2061 536 2138 pontificatus
546 2064 641 2118 nostri
652 2073 732 2118 anno
742 2059 881 2119 secundo.

740 2227 882 2298 cxvllt.

582 2354 713 2400 ornaoro
735 2358 821 2401 rruro
844 2355 951 2402 uonna
973 2356 1047 2400 vruo

397 2444 550 2507 ceneto
571 2447 741 2507 EUGENIO
762 2445 854 2508 nuel
877 2447 1229 2511 wmrntfflnuonns1

547 2549 782 2630 CLEMENS
810 2551 938 2629 PAPA
966 2548 1073 2629 XIV.

954 2678 1047 2737 Roma,
1063 2682 1091 2727 28
1105 2677 1243 2727 novembris
1257 2677 1323 2727 1770.
1406 2688 1408 2692 ’

280 2764 417 2843 Dilecto,
432 2771 488 2828 etc.
512 2763 644 2826 Reddite
667 2764 758 2826 Nobis
775 2772 843 2827 sunt
866 2782 918 2844 per
932 2764 1077 2826 dilectum
1090 2764 1185 2827 lilium
1199 2765 1386 2826 Bemardum

236 2859 379 2922 Giordani
391 2867 448 2921 ture
462 2861 576 2938 litterae,
592 2861 744 2941 inquibus
760 2861 891 2941 parentis
903 2861 946 2921 tui
959 2867 1103 2940 sequutus
1118 2861 1241 2939 vestigia
1250 2861 1384 2921 debitum

235 2953 329 3016 Nobis
347 2955 443 3018 filialis
457 2956 653 3018 observantie
667 2976 703 3017 ac
714 2955 882 3017 devotionis
894 2956 1029 3016 officium
1042 2956 1199 3034 persolvis,
1220 2974 1295 3034 quas
1312 2975 1385 3035 par-

234 3059 280 3111 tes
293 3051 384 3111 etiam
398 3069 415 3110 a
427 3057 457 3111 te
468 3051 524 3111 sibi
538 3051 714 3112 commissas
727 3051 951 3130 diligentissime
965 3051 1057 3110 Nobis
1071 3069 1174 3111 eoram
1188 3050 1294 3111 detulit
1304 3052 1382 3113 ideru

234 3145 393 3225 Giordani,
418 3155 508 3227 atque
523 3147 696 3229 impositum
711 3147 767 3209 sibi
779 3166 891 3210 novum
911 3167 928 3209 a
948 3154 977 3208 te
992 3165 1101 3208 munus
1116 3148 1158 3208 ita
1173 3148 1331 3221 inchoavit,
1350 3159 1383 3210 ut

232 3246 409 3326 praeclarum
427 3265 487 3309 sua
500 3265 570 3326 erga
590 3253 620 3307 te
633 3246 714 3324 lidei,
729 3256 760 3307 et
773 3264 843 3325 erga
854 3247 915 3306 Nos
929 3244 1063 3324 obsequii
1079 3245 1283 3306 testimonium
1295 3245 1383 3307 dede-

230 3342 280 3403 rit.
305 3342 455 3404 Eumdem
468 3343 529 3404 Nos
543 3350 631 3404 antea
645 3350 675 3404 et
694 3341 833 3405 novimus
847 3348 877 3402 et
892 3341 1066 3417 dileximus,
1080 3359 1162 3402 nuno
1181 3360 1251 3402 vero
1263 3349 1316 3404 tua
1332 3343 1381 3404 bio

233 3437 313 3519 apud
326 3439 388 3500 Nos
400 3445 592 3522 peragentem
606 3439 725 3520 negotia
736 3445 820 3500 tanto
834 3437 925 3499 etiam
944 3437 1084 3499 libentius
1096 3437 1279 3520 excipiemus
1299 3458 1381 3501 sem-

229 3549 292 3616 per,
305 3542 335 3597 et
356 3536 524 3615 audiemus,
550 3544 664 3618 quanto
683 3553 838 3617 nunquam
862 3555 880 3595 a
902 3542 948 3612 te,
974 3535 1030 3597 nisi
1050 3535 1132 3616 quod
1151 3541 1203 3596 tua
1225 3536 1379 3597 nobilitate

230 3631 399 3714 pietateque
413 3633 445 3695 in
457 3639 593 3695 sanctam
602 3633 680 3695 banc
691 3634 799 3695 Sedem
808 3631 932 3713 dignum
949 3629 999 3710 sit,
1013 3632 1175 3694 allaturum
1186 3633 1376 3694 confidimus.

229 3730 293 3803 Qua
307 3747 377 3794 vero
389 3738 515 3814 patema
526 3733 588 3794 Nos
598 3730 833 3813 respondeamus
842 3729 979 3807 caritate,
990 3732 1142 3810 quamque
1153 3729 1261 3791 inolitae
1270 3733 1377 3792 Domui

228 3826 301 3887 Tuae
311 3826 410 3890 fausta
424 3848 460 3891 ac
473 3827 571 3891 felicia
591 3829 693 3890 omnia
705 3845 863 3909 precemur
875 3845 893 3887 a
907 3825 1051 3903 Domino,
1065 3826 1128 3907 ipse
1143 3825 1248 3888 itidem
1257 3826 1311 3888 tibi
1321 3847 1377 3908 pro

226 3942 282 3985 sua
292 3923 395 3989 fideac
405 3926 557 4007 diligentia
566 3925 773 4002 confirmabit,
784 3942 844 4005 quo
856 3943 911 3985 suo
925 3923 1026 3985 officio
1037 3925 1183 4004 majorem
1192 3925 1284 3986 etiam
1296 3928 1376 4006 apud

225 4020 287 4083 Nos
305 4021 362 4083 erit
373 4022 500 4110 initurus
517 4025 656 4104 gratiam.
671 4024 719 4086 Ab
739 4025 805 4105 ipso
826 4041 945 4104 quoque
964 4023 1119 4102 intelliges,
1139 4024 1212 4105 quid
1226 4024 1375 4103 agendum

225 4117 317 4183 Nobis
337 4138 415 4198 esse,
437 4119 550 4202 tibique
570 4122 741 4202 iudicemus
759 4122 797 4182 de
816 4120 878 4197 his,
896 4138 963 4201 quae
986 4121 1023 4181 ad
1049 4123 1109 4184 Nos
1126 4140 1180 4202 per
1199 4122 1298 4202 ipsum
1318 4140 1373 4201 pro

224 4223 277 4276 tuo
295 4216 447 4299 religionis
461 4219 559 4283 studio
585 4221 810 4284 accuratissime
824 4219 984 4283 deferenda
997 4220 1120 4283 curasti.
1136 4217 1320 4298 Acplurima
1343 4227 1373 4282 te

223 4318 351 4393 paterna
360 4324 575 4400 prosequentes
590 4321 799 4383 benevolentia
808 4319 1005 4401 apostolicam
1022 4315 1264 4379 benedictionem
1275 4315 1371 4379 Nobi-

221 4408 298 4471 litatl
316 4417 376 4473 tua
391 4425 582 4494 peramanter
593 4417 792 4500 impertimur.
806 4419 918 4480 Datum
932 4420 1043 4487 Rome,
1057 4422 1127 4486 eta,
1139 4414 1189 4475 dte
1202 4424 1239 4475 aa
1253 4432 1369 4477 mnem-

224 4511 288 4572 bris
304 4521 397 4592 1770,
407 4516 598 4594 pontificatus
612 4523 707 4579 nortrt
714 4534 794 4578 anno
803 4516 943 4577 secundo.
1231 4598 1249 4649 9
