3180 5354
226 541 277 601 aaa
653 545 854 601 arelatentis
874 544 938 599 xlv
985 558 991 565 ·

224 661 287 725 tra,
300 668 363 710 rcrn
377 651 414 710 dc
430 668 491 729 qua
505 668 684 730 magnopere
696 651 726 712 in
740 650 896 731 prasentia
909 647 1026 711 solliciti
1036 647 1200 728 cupidique
1214 667 1320 711 sumus
1333 652 1369 713 ad

224 757 254 809 te
268 748 314 808 bis
327 747 431 808 litteris
447 747 632 826 perscribere
640 793 649 824 ,
664 748 777 827 tibique
790 745 1002 810 commendare
1024 744 1192 822 saturnus,
1206 764 1279 809 curu
1300 767 1371 827 pea-

223 846 428 925 suasissimum
447 845 487 906 sit
497 845 588 907 Nobis
602 854 631 907 te
644 847 676 907 in
691 847 741 909 illa
753 844 959 920 conficienda,
977 851 1066 924 atque
1077 842 1116 905 ad
1128 861 1200 906 eum
1210 862 1303 924 quem
1314 865 1371 926 op-

223 955 323 1008 tamus
340 943 454 1005 exitum
470 943 661 1024 perducenda
675 947 876 1022 voluntatem,
896 954 986 1026 atque
1001 962 1127 1026 operam
1146 953 1233 1009 tuam
1245 947 1372 1012 mirilioe

222 1044 315 1121 Nobis
341 1042 587 1123 approbaturum,
621 1044 827 1106 venerabilem
852 1046 986 1106 Fratrem
1012 1048 1153 1105 nostrum
1173 1042 1371 1106 Franciscum

221 1141 413 1206 loacbimum
422 1141 453 1202 S.
467 1141 503 1201 lt.
519 1142 555 1201 Ε.
569 1139 802 1203 Cardinalemde
815 1140 919 1203 Bonis
931 1138 1017 1202 valde
1027 1137 1179 1218 diligimus
1188 1139 1370 1222 plurimique

221 1240 350 1302 facimus
359 1237 399 1298 ob
409 1237 487 1299 illius
497 1238 676 1300 excellentes
687 1239 813 1301 vbtutes
819 1237 910 1300 Nobis
918 1236 1032 1318 optime
1042 1243 1215 1316 perspectas
1223 1243 1289 1299 toto
1302 1256 1372 1302 une

222 1335 259 1399 tri
274 1332 465 1415 pontificatus
484 1340 636 1414 tempora,
659 1352 720 1414 quo
732 1332 938 1415 gloriosissimi
957 1332 1057 1413 patris
1072 1331 1118 1395 un
1138 1331 1305 1401 ministerio
1322 1341 1370 1397 est

222 1432 302 1514 apud
315 1434 376 1494 Nos
384 1431 569 1512 pertusatas.
582 1432 769 1512 Singularem
779 1432 810 1494 iu
822 1447 948 1495 munere
959 1427 1268 1510 genudonegiisque
1277 1448 1371 1492 mam-

221 1529 298 1594 datis
315 1529 495 1609 exequendis
510 1528 756 1609 intelligentiam,
780 1528 998 1609 integritatem,
1012 1525 1124 1602 fidem,
1139 1525 1323 1596 ‚industriam
1337 1529 1369 1591 in

222 1622 272 1684 illo
283 1623 473 1703 agnovimus,
486 1625 662 1705 preclarum
673 1624 745 1688 item
760 1625 791 1687 in
804 1626 865 1687 Nos
875 1623 1011 1685 animum
1022 1641 1058 1685 ac
1066 1624 1208 1693 Sanctam
1221 1621 1303 1685 banc
1311 1625 1370 1686 Se-

221 1721 290 1782 dem
307 1721 528 1783 observantiam
541 1741 578 1784 ao
597 1723 749 1803 emegium
762 1721 1003 1803 tranquillitatis,
1015 1726 1185 1800 mutuaque
1197 1720 1369 1783 concordia

220 1818 354 1879 studium
366 1818 482 1899 experti
496 1837 613 1882 summ.
632 1819 859 1894 Quamobrem
876 1817 1067 1880 vehementer
1084 1815 1178 1896 gavisi
1188 1814 1301 1888 luimus
1316 1835 1369 1879 re-

220 1915 315 1995 ceptis
327 1913 471 1977 carissimi
490 1915 651 1978 inebriato
668 1915 721 1978 filii
735 1910 828 1979 nostri
848 1913 1089 1979 christianissimi
1107 1911 1185 1992 regis
1202 1911 1303 1977 fratris
1323 1915 1369 1976 tui

221 2011 271 2073 lilii
286 2011 407 2090 litteris,
418 2011 528 2093 quibus
540 2013 624 2075 illum
638 2013 816 2076 confirmare
829 2032 861 2077 sc
874 2013 981 2075 eodem
993 2011 1075 2094 apud
1091 2014 1152 2074 Nos
1165 2030 1293 2078 munere
1307 2034 1369 2095 quo

219 2116 365 2178 hactenus
376 2114 479 2178 luisset
491 2115 583 2177 Nobis
596 2114 784 2195 proscripsit.
808 2115 920 2176 Verum
944 2131 1005 2193 quo
1021 2111 1133 2191 gratior
1146 2111 1240 2174 Nobis
1257 2121 1321 2192 est,
1333 2134 1368 2176 ac

217 2211 378 2290 jucundior
398 2210 528 2273 bominis
550 2209 752 2287 consuetudo,
770 2228 890 2290 quoque
906 2208 1002 2288 magis
1024 2207 1185 2284 idoneum,
1206 2227 1243 2270 ac
1262 2210 1365 2273 utilem

219 2305 353 2368 laturum
365 2307 394 2367 in
415 2305 487 2386 regii
505 2305 661 2368 ministerii
673 2305 810 2386 partibus
824 2304 905 2386 apud
914 2305 975 2366 Nos
985 2303 1167 2365 sustinendis
1174 2303 1366 2383 judicamus,

220 2404 271 2479 tit,
293 2411 384 2466 uteo
405 2402 623 2464 diuturniorem
644 2404 744 2464 llomie
766 2402 844 2464 illius
860 2400 1127 2465 commorationem
1144 2406 1175 2461 et
1187 2400 1289 2480 quoad
1306 2406 1365 2463 vitu

219 2500 321 2561 «lirino
332 2500 478 2562 beneficio
488 2500 581 2561 Nobis
591 2508 728 2581 suppetet
737 2501 783 2562 sui
796 2501 877 2582 apud
885 2502 946 2564 Nos
956 2499 1111 2563 ministerii
1125 2499 1363 2580 perfunctionem

219 2595 389 2673 cupiamus.
407 2595 440 2655 ld
453 2603 506 2656 tua
526 2614 633 2675 opera,
653 2603 766 2677 tuoque
786 2597 962 2678 interposito
981 2595 1082 2659 ollicio
1101 2597 1161 2657 Nos
1172 2596 1365 2676 potissimum

219 2690 699 2754 consecuturosarbitratisumus.
711 2693 884 2766 Quoetuasit
894 2691 1365 2774 apudprestantissimumrcgem

220 2785 319 2848 fratris
331 2788 374 2849 tui
387 2788 482 2850 lilium
493 2787 589 2867 gratia
599 2787 750 2851 novimus.
760 2790 826 2851 Non
838 2790 1021 2854 mediocrem
1032 2789 1105 2852 item
1113 2787 1245 2851 loturam
1253 2792 1376 2858 scimus.

220 2892 303 2946 tuam
328 2894 430 2949 nostro
452 2887 522 2949 lmic
544 2885 691 2950 desiderio
708 2888 890 2969 obsequendi
912 2890 1115 2968 alacritatem,
1129 2895 1218 2970 teque
1235 2910 1292 2971 pro
1313 2899 1367 2955 tua

220 2983 366 3063 sapientia
390 3003 509 3064 omnes,
522 3004 589 3066 qua
599 2986 729 3048 maxime
741 2987 820 3052 adid
836 2995 912 3069 apta
925 2988 1218 3070 accommodatarquc
1239 2991 1365 3053 sint-ra·-

220 3081 315 3144 tiones
337 3083 539 3149 adhibituram
561 3103 620 3147 non
641 3085 825 3150 dubitamus.
847 3088 943 3169 Ipsius
965 3088 1111 3151 carissimi
1132 3090 1162 3151 in
1176 3090 1295 3156 Christo
1315 3095 1368 3156 lilii

221 3181 313 3241 nostri
327 3181 568 3244 Christianissimi
592 3183 671 3261 regis
691 3201 873 3264 propensam
893 3184 923 3246 in
945 3185 1006 3247 Nos
1026 3186 1211 3249 voluntatem
1230 3187 1319 3252 facile
1335 3198 1367 3252 ta

219 3283 443 3356 compertarum
460 3297 517 3359 pro
530 3280 594 3357 ejus
605 3281 724 3360 egregio
735 3282 766 3343 in
777 3284 981 3363 apostolicam
991 3284 1102 3346 Sedcm
1117 3285 1219 3347 aninao
1235 3287 1366 3354 conlidi-

220 3391 298 3433 mus.
316 3373 375 3435 Sed
387 3373 467 3435 banc
478 3375 569 3437 Nobis
582 3376 768 3455 gratificandi
780 3381 1035 3460 opportunitatem
1046 3388 1099 3442 tua
1109 3381 1201 3444 etiam
1214 3400 1307 3444 causa
1318 3401 1367 3444 ac·

219 3467 382 3548 ceptionem
393 3468 433 3531 illi
446 3468 577 3531 futuram
587 3472 778 3537 arbitramur.
791 3477 928 3539 Alienum
937 3497 955 3540 a
965 3487 1018 3539 tuo
1027 3496 1146 3541 summo
1156 3478 1185 3538 in
1194 3480 1253 3539 Nos
1263 3478 1366 3539 studio

216 3565 374 3644 ducimus,
388 3573 421 3628 ut
432 3573 461 3628 lc
475 3566 682 3632 cohortatione
693 3579 795 3634 nostra
806 3573 974 3652 incitemus,
989 3591 1080 3654 quam
1094 3573 1182 3653 hujus
1195 3572 1286 3635 Nobis
1304 3593 1365 3636 na-

219 3664 321 3725 sanda
335 3682 434 3745 operas
449 3671 500 3725 lua
523 3673 629 3743 sponte
652 3666 875 3749 cupidissimam
890 3671 1105 3752 cognoscimus.
1128 3670 1203 3757 llud
1224 3676 1366 3734 tantum-

216 3760 311 3820 modo
327 3760 516 3839 adjungimus
526 3759 594 3822 inde
607 3763 766 3842 pontificia
778 3774 885 3827 nostrae
896 3783 1020 3828 summa
1032 3763 1152 3846 quidem
1172 3770 1287 3843 ergata
1305 3786 1364 3830 vo-

219 3856 326 3916 luntati
348 3856 514 3920 maximum
537 3865 638 3921 lamen
659 3861 815 3924 cumulum
831 3880 1039 3941 accessurum,
1059 3869 1147 3941 taqua
1173 3859 1234 3922 boc
1251 3862 1364 3926 eximio

219 3954 299 4016 lacto
321 3960 373 4014 tuo
393 3954 509 4033 egregie
522 3954 561 4016 de
582 3956 690 4034 Nobis,
704 3963 793 4038 atque
803 3959 861 4020 bac
873 3961 983 4022 Sancta
997 3959 1073 4023 Sede
1087 3976 1152 4021 esse
1173 3959 1361 4022 merituram.

216 4051 340 4114 interim
351 4049 457 4112 divina
466 4051 568 4129 gratie
581 4052 734 4132 auspicem
745 4059 775 4114 et
784 4060 891 4116 nostre
907 4074 968 4135 qna
982 4064 1011 4118 te
1028 4055 1237 4137 prosequimur
1250 4055 1364 4117 carita-

219 4149 257 4234 tis
279 4155 385 4212 testem
408 4147 604 4229 apostolicam
626 4148 862 4212 benedictionem
886 4152 955 4230 tibi,
977 4153 1170 4216 dilectissima
1192 4154 1222 4216 in
1246 4153 1364 4217 Christo

219 4243 281 4322 lilia
293 4255 411 4327 nostra,
424 4245 625 4310 amantissime
636 4245 834 4327 impertimur.
852 4251 962 4314 Duum
974 4254 1085 4326 Rmnoe,
1095 4261 1168 4333 ctu,
1181 4255 1231 4316 dte
1247 4264 1292 4319 to,
1304 4271 1362 4316 crt-

219 4347 299 4416 qustr'
315 4349 603 4426 augmentantur
617 4349 712 4406 austri
720 4363 799 4406 anno
810 4354 904 4408 sexto.

698 4497 874 4515 w

756 4884 989 5032 Α
