3194 5354
488 446 667 501 EPISTOLAE
685 446 730 499 ET
749 446 881 500 suavia
900 446 1133 503 sunucrtont.
1334 455 1382 504 127

239 549 425 613 necessitatis
451 550 582 610 rationes
609 556 715 611 exacta
744 549 813 611 sint.
842 551 907 623 Quo
932 550 1053 630 quidem
1080 557 1171 631 pacto
1197 551 1384 613 satisfactum

239 648 369 711 maxime
378 647 435 709 erit
447 648 513 725 ejus
528 647 627 726 ltegiae
637 645 818 726 apostolieae
833 646 998 725 ltlajestati5
1010 664 1075 726 quae
1087 647 1131 709 ita
1142 647 1204 709 suis
1213 647 1384 729 prospicere

238 748 338 829 eupit,
349 752 384 809 ut
395 746 577 828 populorum
595 743 715 826 pietati,
726 762 762 806 ac
775 751 890 806 aterne
903 744 992 805 saluti
1002 743 1170 805 cavendum
1186 763 1251 805 esse
1262 764 1318 826 pro
1329 765 1383 807 sua

237 846 379 926 religione
392 863 428 906 ac
439 843 586 925 sapientia
604 842 753 926 precipue
764 843 865 906 ducat.
880 845 1044 924 Postquam
1057 843 1147 924 igitur
1157 862 1223 924 que
1237 844 1383 924 capienda

237 962 301 1004 esse
315 942 494 1005 videbuntur
505 940 647 1019 consilia,
660 960 731 1004 cum
743 942 848 1004 eadem
864 942 1148 1020 communicaveris,
1162 943 1249 1023 eique
1266 943 1384 1023 placore

236 1042 359 1120 videns,
368 1043 523 1120 volumus,
537 1047 567 1104 et
584 1043 747 1122 apostolica
761 1043 938 1106 auctoritate
949 1042 1003 1105 tibi
1018 1061 1073 1124 per
1081 1043 1172 1105 hasce
1186 1041 1299 1103 litteras
1309 1058 1384 1103 nos-

236 1146 297 1201 tras
313 1139 545 1217 committimus,
561 1147 595 1201 ut
607 1158 663 1220 pro
674 1140 792 1221 populis
809 1140 983 1222 regnisque,
998 1159 1064 1222 que
1080 1140 1160 1202 illius
1178 1139 1285 1202 ditioni
1297 1148 1382 1201 extra

235 1236 351 1298 ltaliam
369 1237 581 1316 snbjiciuntur,
595 1236 741 1300 festorum
760 1238 876 1301 dierum
893 1257 1056 1301 numerum
1073 1238 1173 1301 adhuc
1186 1236 1380 1313 imminuere,

233 1340 263 1394 et
278 1334 316 1395 ab
329 1352 422 1397 onere
440 1335 533 1396 etiam
547 1335 622 1397 sacri
640 1336 672 1396 in
687 1336 723 1397 iis
742 1337 881 1399 audiendi
894 1337 1147 1418 dispensationem
1164 1334 1279 1411 iacere,
1291 1343 1382 1416 prout

234 1434 433 1514 opportunius
450 1452 516 1496 esse
530 1435 712 1514 indicaveris
726 1436 756 1497 in
774 1437 901 1498 Domino
921 1437 1031 1498 valeas.
1047 1434 1134 1510 Quod
1150 1433 1225 1495 dum
1239 1449 1379 1514 perages,

233 1529 306 1590 illud
317 1531 462 1610 majorem
472 1531 503 1593 in
518 1532 643 1594 modum
657 1533 811 1614 cupimus,
826 1533 950 1595 omnino
964 1550 1067 1609 cures,
1079 1549 1118 1594 ne
1129 1530 1204 1593 testa
1217 1529 1311 1592 etiam
1320 1531 1382 1590 An-

231 1627 431 1690 nunciationis
446 1635 477 1690 et
490 1630 700 1712 conceptionis
720 1632 819 1692 Beatae
832 1631 934 1693 Mariae
949 1630 1079 1711 Virginis
1098 1628 1234 1691 imminui
1245 1647 1301 1691 sua
1316 1630 1381 1690 lla·

230 1724 322 1802 jestas
332 1726 413 1804 velit,
423 1726 505 1808 quod
516 1725 603 1789 iacile
617 1726 753 1807 proiecto
767 1727 822 1809 ipsi
832 1727 1031 1810 persuaseris,
1046 1745 1117 1789 oum
1128 1726 1236 1788 eodem
1245 1733 1381 1806 tempore

178 1830 182 1842 '
231 1828 263 1883 et
274 1822 375 1903 pietati
388 1842 448 1886 sue
459 1842 520 1905 qua
533 1842 604 1904 erga
618 1841 725 1886 comm
735 1824 945 1906 Mysteriorum
959 1824 1139 1887 memoriam
1149 1841 1215 1886 esse
1228 1823 1335 1895 debet,
1348 1829 1379 1884 et

231 1918 323 1981 Nobis
334 1920 406 2001 ipsis
417 1919 448 1981 id
460 1920 498 1982 ab
509 1937 546 1982 ea
563 1918 754 1981 veliementer
771 1920 945 2001 optantibus
957 1919 1089 2007 maxime
1098 1937 1217 1982 morem
1236 1927 1330 1999 geret.
1345 1921 1378 1980 ln

231 2016 304 2079 illud
320 2026 465 2099 praeterea
486 2017 555 2079 anni
567 2024 686 2098 tempus
703 2018 809 2080 eadem
825 2018 961 2081 incidunt
972 2019 1065 2096 testa,
1079 2018 1161 2101 quod
1179 2018 1319 2100 impedit,
1341 2037 1379 2079 ne

230 2133 286 2176 suo
305 2123 389 2177 mota
402 2116 469 2178 loco
480 2116 510 2176 in
528 2115 742 2195 proximiorem
755 2117 944 2179 Dominicum
956 2118 1036 2179 diem
1050 2117 1276 2179 transferantur.
1293 2116 1379 2176 Alte-

230 2231 299 2276 rum
311 2216 391 2276 euim
403 2215 434 2277 in
447 2213 679 2294 Quadragesima
698 2214 890 2296 plerumque,
903 2233 1021 2296 semper
1042 2215 1170 2276 alterum
1190 2214 1221 2274 in
1240 2213 1377 2274 Adventu

230 2314 409 2390 celebratur,
421 2331 551 2394 quorum
563 2320 735 2393 temporum
744 2310 890 2372 Dominici
902 2311 965 2372 dies
977 2312 1019 2373 ita
1030 2312 1108 2374 sacri
1121 2318 1151 2373 et
1162 2310 1279 2374 colendi
1289 2317 1375 2386 sunt,

230 2417 264 2471 ut
273 2410 400 2473 aliorum
414 2409 561 2471 festorum
570 2406 814 2485 conjunctionem
825 2424 862 2468 ex
873 2407 962 2468 veteri
975 2407 1114 2470 Ecclesia
1124 2408 1184 2470 ritu
1195 2426 1256 2469 non
1267 2406 1374 2468 lerant.

229 2511 328 2570 Tuum
342 2508 431 2588 igitur·
443 2506 501 2570 erit
513 2524 634 2567 omnem
655 2504 728 2568 dare
750 2522 893 2586 operam,
910 2512 944 2567 ut
961 2505 992 2566 in
1006 2506 1085 2568 hanc
1104 2512 1240 2568 nostram
1253 2510 1374 2566 senten-

229 2605 313 2682 tiam,
324 2624 361 2666 ne
374 2605 448 2686 quid
459 2603 571 2666 scilicet
578 2602 615 2665 de
625 2603 732 2665 iisdem
744 2603 805 2666 ullo
815 2603 906 2665 modo
918 2602 1088 2682 innovetur,
1097 2604 1182 2685 pium
1196 2603 1375 2683 spostolicae
1404 2685 1406 2689 y

229 2703 345 2782 lieginae
362 2702 499 2765 animum
513 2702 637 2765 omnino
657 2701 793 2764 inducas.
813 2703 858 2763 Ac
881 2701 911 2763 in
930 2701 1091 2781 pontilicis
1113 2700 1246 2763 canatis
1267 2700 1375 2780 pignus

228 2800 431 2879 apostolicam
446 2798 690 2862 Benedictionem
699 2797 889 2862 Fraternitati
900 2805 961 2861 tuac
970 2805 1162 2880 peramanter
1172 2797 1371 2877 impertimur.

228 2897 342 2957 Datum
361 2898 475 2968 Reno,
491 2905 558 2974 etc,
574 2897 624 2956 die
642 2908 676 2956 rt
691 2897 857 2956 novembris
877 2907 963 2970 1770,
976 2898 1169 2972 pontificatus
1184 2898 1280 2951 nostri
1294 2911 1375 2951 anno

226 2994 364 3054 secundo.

742 3171 854 3241 CXIV.

634 3318 825 3361 trutinantur
850 3314 962 3358 mm

410 3417 605 3479 JOACHIMO
625 3414 929 3478 ARCHIEPISGOPO
949 3411 1184 3483 THEBARUM,

538 3535 629 3584 nmrs
645 3533 816 3584 carnosior
831 3530 1056 3590 conurssaaro,

502 3628 768 3738 cunnens-
806 3628 939 3708 ium
973 3626 1086 3704 xiv,

912 3773 1012 3829 Roma,
1029 3775 1057 3819 ts
1072 3767 1210 3819 normbris
1224 3772 1291 3818 1770.

270 3860 477 3936 Venerabilis,
493 3871 550 3925 etc.
568 3864 766 3924 oxomensem
780 3860 931 3924 dioecesim
943 3860 974 3921 in
986 3877 1048 3941 que
1057 3860 1184 3921 Sanctus
1195 3859 1369 3922 Dominicus

224 3958 341 4020 Ordinis
362 3959 595 4021 Prredicstorum
615 3956 767 4033 fundator,
791 3962 821 4017 et
846 3956 1023 4018 sanctissimi
1048 3956 1163 4019 Rosarii
1184 3956 1369 4019 recitationis

224 4058 376 4120 institutor
395 4065 484 4120 natus
504 4066 566 4135 est,
581 4057 658 4119 acin
672 4057 759 4135 cujus
772 4055 864 4117 etiam
878 4054 1041 4117 cathedrali
1058 4056 1187 4118 ecclesia
1199 4055 1368 4117 Canonicus

223 4155 336 4233 extitit,
350 4173 496 4219 exornare
507 4157 658 4218 voluimus
677 4151 824 4216 beneflcio
840 4154 1031 4234 apostolica,
1044 4162 1078 4216 ut
1092 4154 1204 4216 scilicet
1222 4153 1367 4231 imposte-

224 4271 291 4313 rum
304 4254 438 4333 ejusdem
452 4254 566 4317 Rosarii
586 4255 697 4317 festum
712 4253 824 4315 ibidem
842 4253 899 4314 sub
920 4254 989 4315 Ritu
1008 4253 1118 4334 duplici
1139 4251 1244 4331 primae
1262 4249 1367 4312 classis

222 4349 366 4411 celebrari
380 4359 496 4431 posset,
511 4357 601 4435 atque
614 4350 726 4414 idcirco
737 4351 852 4413 litteras
868 4348 1007 4411 informa
1022 4349 1124 4410 Brevis
1135 4347 1267 4428 expediri
1281 4354 1366 4411 man-

222 4447 376 4527 davimus,
392 4467 466 4530 quas
481 4468 560 4512 nunc
574 4450 655 4512 hisce
669 4449 779 4511 nostris
796 4449 988 4526 conjunctas,
1001 4445 1184 4507 Venerabilis
1196 4448 1311 4523 Frater,
1327 4447 1365 4507 ad
