3194 5354
328 511 379 560 stu
756 507 962 562 mansuris
978 509 1047 563 xlv

326 613 401 671 Cum
412 611 475 671 lraec
486 616 556 671 vota
571 615 673 672 nostra
688 610 748 671 tuis
759 612 961 684 consentiant,
975 611 1129 674 carissima
1140 614 1171 673 in
1186 612 1305 675 Christo
1322 614 1387 676 lilia
1403 633 1476 678 nos-

325 716 390 784 tra,
411 708 552 788 predere
566 707 665 783 vides,
680 713 827 787 quantum
845 709 899 785 iis,
916 727 983 789 quac
1005 709 1044 770 ad
1064 717 1095 771 te
1114 711 1246 772 maxime
1258 713 1413 792 pertinent
1431 714 1477 776 al-

325 806 394 866 lecti
412 805 522 882 simus,
534 823 686 886 quamque
707 806 816 867 eximia
837 813 867 868 te
883 825 1114 887 prosequamur,
1134 816 1328 891 paterneque
1344 811 1477 873 caritatis

325 903 499 984 plenissima
511 902 680 980 voluntate,
694 904 723 965 in
741 904 828 982 cujus
842 912 1054 983 argumentum
1072 907 1271 987 apostolicam
1289 908 1477 972 benedictio-

325 1020 395 1063 seru
417 1001 515 1081 Regia
539 1002 686 1080 llaJestati
707 1003 777 1064 Tua
796 1002 902 1064 intimo
923 1004 1015 1066 animi
1038 1005 1131 1067 nostri
1156 1025 1245 1069 sensu
1268 1008 1477 1070 amantissime

324 1099 523 1180 impartimur.
540 1101 650 1162 Datum
662 1101 773 1172 Rornae,
788 1102 871 1180 opud
883 1102 1025 1165 Sanctam
1035 1106 1166 1165 Mariam
1176 1107 1332 1183 Majorem,
1343 1107 1397 1168 aab
1409 1110 1479 1169 Aa·

326 1199 397 1258 aulo
412 1199 587 1268 Piscatoris,
599 1200 649 1259 clia
657 1204 762 1278 prim
768 1201 856 1275 junii
874 1209 960 1274 tm,
972 1204 1166 1280 pontificatus
1177 1207 1272 1264 nostra·
1284 1221 1363 1264 cano
1376 1212 1475 1267 sexto.

795 1423 992 1494 CCLXXlll.

582 1579 750 1622 crarssruo
773 1581 806 1621 ru
829 1580 965 1622 cnrrsro
987 1579 1069 1623 ramo
1093 1580 1212 1623 uosrno

323 1682 522 1744 LUDOVICO
548 1684 730 1746 AUGUSTO
751 1687 993 1748 FRANCORUM
1018 1686 1110 1746 REGI
1136 1685 1476 1755 uflnlsrmulssruo

628 1808 863 1889 CLEMENS
889 1811 1018 1887 PAPA
1045 1807 1153 1885 XIV.

1129 1963 1223 2020 Roma,
1241 1961 1324 2022 tinnit
1341 1968 1410 2015 1774.

365 2070 537 2140 Carissimo,
548 2078 605 2130 etc.
619 2067 759 2132 Reddidit
769 2066 861 2129 Nubis
870 2064 1056 2128 Venerabilis
1068 2065 1171 2127 Frater
1181 2074 1282 2129 noster
1293 2064 1474 2136 Franciscus

322 2165 497 2228 loachimus
509 2167 540 2226 S.
553 2167 589 2228 R.
605 2167 640 2226 E.
652 2164 815 2227 cardinalis
825 2163 864 2225 de
875 2162 979 2224 Bernis
990 2161 1155 2242 Episcopus
1163 2163 1341 2226 Albaucnsis
1360 2165 1475 2230 litteras

321 2263 485 2342 lllajeslalis
496 2265 578 2341 Tua,
588 2263 697 2344 quibus
705 2262 805 2344 ipsum
814 2261 843 2322 in
852 2258 979 2342 pristino
991 2258 1074 2339 apud
1082 2261 1153 2336 Nos,
1165 2266 1255 2340 atque
1265 2262 1473 2342 apostolicam

324 2360 402 2423 hanc
417 2361 526 2422 Sedem
547 2361 713 2422 ministerio
733 2358 914 2434 confirmas,
934 2375 970 2418 ac
989 2356 1163 2437 preclaram
1188 2357 1301 2421 idcirco
1322 2367 1410 2425 tuam
1435 2363 1473 2425 de

321 2459 414 2539 ipsius
426 2459 497 2536 lide,
509 2458 673 2538 diligentia,
686 2457 904 2539 prudentiaque
915 2455 1058 2518 fiduciam
1069 2457 1198 2518 testaris.
1211 2459 1472 2524 lucundissimum

321 2556 414 2616 Nobis
427 2554 494 2633 luit,
509 2556 662 2619 carissime
673 2557 705 2617 iu
716 2556 832 2619 Christo
844 2556 886 2618 fili
899 2562 1014 2632 noster,
1025 2555 1232 2636 lamamplum
1243 2557 1273 2618 in
1286 2557 1374 2621 illum
1385 2561 1472 2641 regia

320 2653 484 2714 voluntatis
499 2652 705 2715 testimonium
716 2655 805 2735 plane
817 2661 922 2716 nostro
939 2654 978 2715 de
992 2651 1108 2714 eximiis
1127 2653 1218 2734 ipsius
1232 2656 1349 2718 meritis
1356 2656 1472 2737 judicio

320 2756 557 2813 consentaneum
575 2768 641 2812 esse
661 2768 852 2831 cognoscere.
868 2749 1011 2830 Ejusdem
1022 2747 1114 2811 Nobis
1121 2749 1187 2828 jam
1202 2751 1320 2832 pridem
1332 2772 1473 2837 perspec-

321 2845 438 2909 tissima
455 2847 554 2909 omnis
568 2854 614 2909 est
627 2847 732 2928 agendi
747 2848 839 2925 ratio,
861 2867 922 2929 qua
942 2846 1187 2928 prestantissima
1204 2849 1275 2929 Regi
1294 2868 1353 2913 aro
1368 2858 1424 2916 tuo
1441 2852 1471 2916 in

319 2943 503 3023 gravissimis
512 2944 641 3024 negotiis
653 2962 778 3026 operam
791 2962 878 3006 suam
893 2943 1027 3020 navavit,
1039 2962 1105 3024 qua
1119 2943 1241 3023 quidem
1250 2946 1402 3024 ejusmodi
1413 2957 1471 3027 est,

320 3051 354 3106 ut
370 3044 445 3107 dum
465 3044 566 3108 allicio
581 3063 637 3107 suo
647 3044 794 3125 regiasque
807 3043 954 3105 voluntati
962 3044 1081 3125 egregie
1091 3044 1294 3124 satisfaceret,
1308 3067 1371 3111 una
1379 3052 1473 3115 etiam

318 3145 412 3207 Nobis
428 3144 555 3207 mirifice
566 3145 666 3207 studia
676 3150 707 3205 et
717 3140 841 3205 consilia
855 3162 910 3206 sua
921 3143 1024 3206 omnia
1032 3144 1255 3225 comprobaret.
1281 3148 1473 3231 Quapropter
1547 3162 1552 3175 ⁴

319 3263 390 3305 cnm
409 3244 508 3324 ipsum
524 3262 581 3325 pro
597 3263 652 3305 sua
669 3243 795 3319 virtute,
815 3247 846 3303 et
862 3241 983 3325 plurimi
994 3241 1159 3319 iaciamus,
1172 3249 1204 3304 et
1221 3242 1364 3323 singulari
1379 3245 1472 3308 bane-

318 3343 448 3405 volentia
457 3343 694 3424 complectamur
705 3359 888 3425 magnopere
896 3341 1046 3421 Maiestati
1057 3343 1128 3403 'lira
1136 3358 1314 3423 persuasum
1327 3360 1392 3405 esse
1409 3362 1470 3406 cu-

318 3439 419 3520 pimus
432 3447 496 3501 tam
516 3447 637 3520 gratum
655 3440 747 3502 Nobis
758 3447 975 3521 acceptumque
993 3457 1059 3501 esse
1067 3483 1076 3515 ,
1088 3438 1171 3519 quod
1188 3437 1268 3500 idem
1282 3436 1468 3518 lungendum

318 3537 401 3619 apud
420 3539 481 3599 Nos
502 3537 558 3618 ipsi
570 3554 681 3598 munus
696 3537 890 3618 imposueris,
904 3543 940 3597 ut
953 3535 1065 3597 idcirco
1076 3534 1131 3597 tibi
1146 3534 1292 3597 maximas
1304 3535 1365 3595 Nos
1376 3552 1468 3613 agere

318 3644 408 3715 atque
419 3635 530 3697 habere
543 3634 655 3715 gratias
665 3635 872 3715 profiteamur.
887 3635 963 3694 Cum
973 3632 1054 3694 enim
1065 3647 1255 3712 summopere
1263 3635 1404 3711 opmmm
1414 3649 1469 3693 ro-

317 3733 447 3794 luntatas
464 3740 583 3795 nostras
593 3739 701 3794 mutua
711 3732 879 3813 eximiaque
890 3731 968 3794 inter
979 3732 1040 3793 Nos
1054 3731 1192 3812 pietatis,
1206 3728 1376 3810 amorisque
1387 3749 1469 3793 con-

314 3828 486 3907 junctione,
500 3848 536 3890 ac
546 3829 766 3892 necessitudine
775 3831 806 3892 in
819 3829 884 3892 dies
898 3828 993 3910 magis
1006 3829 1185 3910 constringi,
1199 3828 1347 3907 majorem
1359 3827 1393 3890 in
1402 3848 1469 3892 mo-

317 3924 391 3987 dum
405 3925 573 4004 gaudemus
583 3928 668 3988 illum
681 3927 894 3991 continuatum
914 3947 932 3991 a
948 3936 979 3990 te
996 3946 1061 3990 esse
1075 3927 1224 4007 ejusmodi
1236 3924 1411 3990 officiorum
1424 3929 1469 3990 in·

316 4030 498 4105 arpi-elem,
512 4025 599 4101 cujus
611 4025 806 4087 excellentem
819 4027 851 4088 in
861 4045 899 4089 eo
914 4044 1039 4107 operam
1051 4024 1166 4106 experti
1178 4033 1267 4088 antea
1279 4043 1401 4103 sumus,
1417 4044 1470 4087 cu-

314 4126 422 4207 jusque
432 4126 557 4188 cumdio
568 4123 712 4186 industria
720 4168 728 4200 ,
743 4131 833 4204 atque
845 4124 1028 4207 experientia
1038 4124 1125 4186 valde
1136 4123 1260 4186 nitimur
1272 4141 1310 4186 ac
1323 4123 1469 4203 singulari

318 4223 408 4283 etiam
419 4270 427 4302 ,
437 4243 498 4305 qua
509 4242 581 4304 erga
593 4230 623 4285 te
634 4228 681 4284 est
688 4267 696 4298 ,
709 4239 816 4302 resque
825 4240 930 4284 omnes
940 4230 1019 4301 tuas,
1031 4222 1102 4300 fide,
1114 4238 1180 4302 que
1189 4228 1248 4284 tua
1256 4239 1305 4284 res
1316 4221 1467 4298 auostris,

319 4320 513 4402 Ecclesiaque
520 4323 610 4386 rebus
620 4321 750 4402 disjungi
760 4340 815 4402 pro
825 4329 877 4382 tua
887 4321 1095 4401 religionenon
1105 4326 1241 4400 possunt.
1250 4318 1467 4396 Acineximia,

318 4434 378 4494 qua
387 4423 427 4491 te,
440 4421 592 4482 carissime
606 4420 759 4483 inchristc
771 4419 812 4481 lili
823 4426 936 4494 noster,
947 4426 1032 4481 tuam
1045 4416 1468 4479 christianissimamllomum

319 4514 526 4594 prosequimur
538 4518 671 4580 caritatis
683 4523 892 4598 argumentum
909 4517 1105 4596 apostolicam
1116 4513 1359 4578 benedictionem
1371 4515 1468 4595 Regia
