3194 5354
539 487 764 542 vrchMtirvTu
783 488 904 542 Vtilis.
1243 495 1293 546 381

149 595 219 652 sunt
237 587 372 669 ejusdem
391 590 493 666 nriuae,
509 591 617 669 quibus
628 591 812 670 privaturam
824 611 856 652 se
868 610 933 651 esse
949 591 1101 653 universos
1115 595 1226 656 Russiae
1239 598 1295 657 Ca·
1380 602 1394 617 ⁸

151 690 277 751 tholieos
303 689 383 768 regio
405 689 572 768 patrocinio
587 708 643 749 suo
659 688 880 764 denunciabat,
897 688 921 749 si
940 689 999 749 Nos
1016 690 1189 753 Maliensem
1206 694 1296 773 Epis-

146 795 259 871 copum
271 787 550 868 Archiepiseopatus
558 787 656 864 titulo,
667 794 697 847 et
704 787 788 848 Pallii
796 787 910 847 honore
916 785 1059 848 decorare
1066 787 1295 867 distulissemus,

148 888 203 948 nisi
218 887 301 968 prius
317 886 364 945 ille
378 884 485 959 Nobis,
507 889 596 963 prout
610 883 868 963 postulaverimus
887 881 1085 944 satisfecisset.
1104 883 1179 945 llinc
1196 903 1296 946 neces·

147 982 227 1042 sario
248 979 360 1041 inducti
382 976 533 1057 religionis
551 978 644 1058 ipsius
660 997 771 1055 causa,
795 996 831 1039 ac
845 984 908 1039 tam
922 984 1005 1038 certo
1024 977 1192 1040 animarum
1214 982 1296 1060 peri-

148 1084 233 1157 culo,
251 1081 361 1160 quibus
375 1078 470 1139 facilis
487 1084 565 1139 esset
584 1077 615 1138 in
635 1077 818 1158 apostasiam
840 1076 991 1158 prolapsio
1007 1076 1157 1138 remittere
1176 1096 1299 1157 prorsus

148 1198 216 1240 eam
228 1180 325 1260 ipsam
336 1175 584 1252 satisfactionem,
597 1194 691 1254 quarn
704 1194 722 1237 a
735 1174 866 1235 Mettensi
879 1174 1055 1254 petebamus
1065 1219 1074 1252 ,
1085 1193 1235 1254 quamque
1251 1177 1299 1238 ille

149 1275 222 1336 dare
240 1273 467 1355 prohibebatur,
489 1271 665 1347 debuimus,
683 1271 715 1331 in
735 1290 794 1349 quo
810 1269 883 1330 illud
898 1270 1148 1349 existimavimus,
1168 1274 1239 1334 satis
1254 1292 1300 1334 rc-

152 1371 324 1432 missionem
334 1369 413 1429 hane
426 1368 646 1448 Nobispensari
657 1367 839 1430 couscientia
851 1367 1115 1449 postremamque
1126 1368 1298 1448 tide,quam

151 1486 256 1530 coram
265 1465 411 1528 omnibns
425 1464 464 1526 ad
474 1465 564 1543 huius
577 1464 726 1526 cathedra
740 1463 885 1526 tuendum
898 1463 1006 1541 decus,
1023 1467 1148 1546 ejusque
1161 1464 1301 1529 decreto-

151 1588 220 1630 rum
235 1566 446 1629 aucioritaiem
459 1563 666 1627 sustinendam
677 1563 805 1644 probare
814 1565 876 1624 Nos
895 1581 984 1642 posse
1000 1562 1099 1624 eidem
1114 1566 1299 1644 imperatrici

150 1665 231 1727 iniis
248 1662 366 1724 Litteris
382 1660 490 1723 nostris
511 1667 615 1741 aperte
634 1658 862 1720 declaravimus.
881 1657 923 1718 Ex
934 1657 1046 1737 quibus
1061 1667 1143 1720 certe
1161 1660 1299 1724 dubitare

152 1779 213 1821 non
227 1776 404 1839 possumus,
418 1756 488 1836 quin
500 1774 679 1837 persuasum
694 1756 761 1816 Tibi
775 1755 921 1835 planeque
932 1761 1123 1835 perspectum
1138 1755 1194 1827 sit,
1207 1776 1299 1837 quam

151 1857 266 1931 invitis,
283 1872 434 1937 quamque
446 1853 512 1936 ipsa
523 1852 698 1915 necessitate
709 1852 861 1914 obstrictis
874 1852 1092 1914 deveniendum
1105 1855 1198 1916 Nobis
1207 1857 1299 1919 etiam

152 1954 191 2016 sit
208 1953 246 2017 ad
263 1961 446 2017 memoratos
457 1961 487 2014 et
507 1950 781 2031 archiepiscopatus
795 1958 826 2011 et
844 1950 927 2012 Pallii
939 1949 1069 2012 honores
1080 1953 1214 2014 ltlallensi
1227 1972 1299 2016 con-

152 2053 299 2114 terendos.
320 2054 386 2125 Quo
401 2051 465 2131 ipso
478 2068 532 2131 per
543 2056 572 2109 te
584 2047 747 2126 intelligas,
759 2047 811 2127 qui
823 2048 916 2108 nostri
927 2065 1032 2109 sensus
1043 2048 1113 2126 sint,
1125 2068 1202 2128 quos
1219 2067 1300 2111 nunc

152 2153 303 2227 majestati
319 2152 390 2209 Tac
410 2147 509 2208 adhuc
526 2145 623 2224 magis
642 2144 822 2206 confirmare
839 2145 1034 2225 suscipimus,
1056 2165 1127 2209 cum
1140 2168 1160 2208 a
1183 2151 1300 2211 Dilecto

153 2249 234 2308 Filio
249 2248 352 2308 Nobili
374 2249 441 2306 Viro
453 2245 571 2304 Didaco
594 2243 632 2303 de
653 2243 796 2304 Neronia
812 2249 949 2306 ministro
968 2252 1018 2306 tuo
1030 2249 1299 2326 plenipotenticrie

151 2343 381 2421 cognoverimus
397 2345 437 2404 Te
453 2343 545 2402 vaide
563 2360 688 2419 cupere,
711 2349 744 2402 m
761 2343 841 2403 tane
864 2348 899 2403 irs
918 2344 1039 2405 modum
1059 2351 1157 2406 omisis
1176 2353 1301 2410 sinistra

151 2445 290 2518 suspicio,
303 2445 332 2500 si
342 2439 483 2518 quoinde
494 2444 527 2498 iri
538 2442 678 2516 ipsarum
686 2441 794 2516 veteres
802 2441 963 2517 prodierit,
974 2446 1020 2501 itu
1027 2442 1131 2520 disjici
1141 2446 1255 2516 valcat,
1266 2455 1301 2509 ut

151 2538 270 2597 italiam
289 2542 381 2615 pessit
402 2541 512 2598 erroris
526 2536 765 2614 turbationisqae
782 2556 901 2600 cumam
924 2544 985 2600 iuis
998 2542 1126 2619 Populis
1144 2543 1298 2604 inducere.
1325 2557 1333 2574 ·

152 2637 257 2713 lthise
269 2637 311 2695 ad
324 2637 546 2715 ⁸Fidelissimam
556 2636 743 2710 dejecerim
759 2637 854 2696 Tuam
866 2636 922 2696 itas
931 2638 1038 2699 damus
1048 2639 1195 2709 Litteras,
1203 2643 1301 2717 iispae
1396 2696 1398 2701 .

151 2750 291 2813 expresse
298 2737 486 2811 profitemur,
499 2733 604 2793 haberi
614 2751 635 2792 a
647 2732 737 2792 illotis
748 2738 891 2811 tanquam
901 2734 1029 2805 abiam,
1039 2741 1130 2813 atqve
1138 2736 1302 2813 iiteqitima

149 2847 188 2888 ac
205 2829 292 2888 nulla
303 2847 427 2906 prorsas
440 2834 590 2906 reputari,
611 2847 802 2906 quacumque
815 2832 866 2890 vei
877 2834 911 2889 ia
929 2831 1009 2893 Atta
1020 2832 1145 2901 Russia,
1158 2833 1207 2891 vei
1220 2848 1300 2893 auur

153 2934 221 2988 actu
243 2944 303 2986 esse
315 2912 463 3001 seruatur
474 2930 541 2987 iilis
555 2931 709 2988 corbaria
728 2944 802 3003 qaas
820 2931 958 3003 saperius
973 2931 1213 2996 memoravimus,
1231 2930 1301 2988 Cle·

152 3028 261 3085 meritis
274 3023 349 3084 XIV
363 3024 496 3084 Litteris.
515 3025 561 3083 De
579 3041 655 3101 qao,
671 3029 706 3083 rit
723 3024 922 3095 Tarmiani,
938 3026 982 3082 ita
999 3029 1028 3083 ei
1048 3023 1301 3088 Claistianissimi

150 3129 182 3181 et
203 3120 346 3180 Catholici
363 3121 453 3197 Reqis
473 3121 646 3196 liajestates
664 3135 719 3197 per
739 3119 819 3178 alias
833 3125 954 3179 nostras
971 3122 1005 3178 iri
1021 3121 1159 3181 eamdem
1175 3130 1297 3185 senteri-

153 3223 227 3279 ticm
240 3237 335 3295 reaper
348 3219 436 3279 dates
455 3219 586 3279 Litteras
605 3222 748 3279 certiores
764 3217 962 3277 reddidimus.
976 3218 1105 3278 Demum
1119 3218 1185 3297 tibi,
1197 3221 1299 3284 Garis-

153 3315 358 3376 simaithristo
367 3314 431 3376 lilia
443 3320 556 3393 nostra,
569 3314 762 3376 acuniversae
773 3314 972 3375 Fidelissima
980 3313 1088 3375 Domui
1101 3319 1298 3397 apostolicam

153 3414 391 3477 benedictionem
415 3414 446 3476 in
459 3433 536 3476 vera
554 3413 704 3476 felicitatis
723 3420 754 3475 et
770 3412 872 3492 gloria
891 3413 1111 3476 incrementum
1133 3435 1171 3478 ex
1190 3416 1297 3481 intimo

152 3513 299 3593 planeque
317 3519 445 3593 patemo
465 3513 567 3575 animo
588 3513 792 3576 amantissime
814 3511 1013 3591 impertimur.
1044 3514 1158 3577 Datum
1182 3518 1296 3590 Rmnc,

153 3618 223 3680 etc„
243 3621 281 3671 20
288 3609 441 3686 februarii
457 3622 545 3683 liat,
553 3616 748 3693 purificatus
761 3615 859 3673 nostri
869 3631 949 3673 cano
962 3613 1019 3674 IX.

188 3741 292 3799 Fodem
305 3742 436 3816 Exemplo
445 3772 481 3784 -
489 3742 869 3815 mntadsmuiandis-Itegi
879 3742 1032 3815 Utriusque
1043 3743 1180 3800 Sicilire:
1189 3744 1240 3802 Die
1254 3752 1295 3802 tt.

59 3876 63 3880 Α
152 3831 254 3903 Aprilis
277 3837 343 3887 tras
364 3855 396 3879 =
411 3831 572 3902 prolineato
586 3832 667 3887 verbo
689 3833 749 3887 Tibi
762 3831 896 3887 scribatur
908 3835 998 3902 flecta
1019 3834 1167 3902 Majestctt
1184 3835 1297 3888 Tum:

152 3932 202 3992 pre
213 3919 273 3978 aliis
281 3920 370 3978 verbis
381 3923 529 3990 Maiestuii
549 3927 611 3977 Tua
619 3920 752 3976 scribatur
771 3920 834 3975 Tibi
847 3942 878 3968 =
894 3928 956 3977 ante
967 3921 1078 3978 verbum
1093 3922 1223 3979 lineatum
1235 3928 1297 3979 Ma-

152 4010 266 4077 iestates
275 4009 392 4066 addatur
402 4028 438 4066 ec
451 4010 635 4070 Fidelissima
644 4013 756 4080 decime
765 4027 800 4060 =
809 4011 1025 4082 prererbolinrs
1042 4012 1220 4070 Fidelissima
1228 4012 1295 4069 scri·

153 4094 233 4154 batur
244 4101 337 4169 liceis
353 4119 387 4150 =
397 4109 424 4156 et
437 4099 554 4173 demptis
568 4099 621 4156 illis
635 4099 723 4155 verbis
737 4098 846 4158 linealis
857 4119 876 4159 a
889 4104 991 4160 Dilecto
1003 4105 1073 4160 Filio
1084 4108 1136 4159 etc.

631 4299 813 4315 m
