3194 5354
211 495 260 543 m
634 486 838 540 OEEllENTiS
854 487 920 540 Xll'

206 593 357 653 reddimus
364 609 482 671 ‚eoque
491 597 519 650 te
526 609 605 670 ,quo
616 609 795 671 posamniis,
805 590 960 652 verissimo
969 589 1217 670 amplissimoque
1228 588 1358 653 honoris

204 690 326 771 prerrdo
342 688 552 770 prosequimur
564 696 596 749 ct
609 688 810 796 mimulamns.
824 687 857 748 ld
868 686 992 795 quidem
1006 694 1093 795 tanto
1101 687 1195 748 mam
1208 685 1357 749 liberalius

200 980 395 1052 conlidimus3
408 979 446 1039 de
465 996 528 1059 qno
545 979 607 1038 Nos
623 976 666 1038 ita
677 976 796 1038 solliciti
809 993 931 1051 eamus,
945 983 981 1035 nt
992 975 1144 1035 maximas
1163 974 1236 1036 illuc
1248 970 1355 1054 ponti-

201 1077 261 1138 licii
278 1077 370 1137 animi
383 1076 477 1138 nostri
488 1093 578 1137 carras
596 1073 796 1136 conseramus.
813 1075 905 1153 Perge
916 1073 1018 1152 igitur,
1033 1073 1222 1136 Venerabilis
1234 1075 1352 1146 Frater,

199 1192 297 1253 eaque
315 1173 434 1249 insiste,
455 1191 517 1253 qna
537 1172 670 1252 coepisti,
692 1172 755 1248 ria,
778 1173 899 1252 Nosque
911 1171 951 1234 de
964 1179 1133 1234 vestrarum
1146 1172 1352 1234 Eccledarm

200 1267 293 1329 rebus
315 1285 505 1347 summopere
524 1267 695 1328 laborantes
714 1274 804 1347 atque
826 1267 932 1329 anxios
951 1267 994 1328 ita
1016 1267 1145 1346 miore,
1165 1275 1199 1329 nt
1219 1268 1352 1348 collegas

200 1370 288 1440 tuos,
300 1371 446 1443 qinntum
456 1381 564 1445 opera,
577 1363 712 1440 oonsilio,
725 1372 816 1445 atque
824 1366 1002 1427 anctoritate
1011 1367 1092 1428 vales
1102 1411 1112 1444 ,
1123 1366 1163 1428 ad
1174 1367 1351 1428 unanimem

200 1476 256 1538 pro
271 1467 369 1520 vestro
383 1459 495 1522 urendo
501 1461 570 1538 jure
585 1459 781 1540 libertateque
791 1461 930 1523 Ecclesia
948 1461 1112 1523 asserenda
1123 1461 1350 1524 contentionem

200 1554 360 1616 emendas.
372 1556 482 1617 Mirum
495 1562 542 1617 est
557 1556 654 1633 enim,
677 1565 824 1636 quantum
839 1557 877 1618 ad
898 1557 1069 1620 universam
1078 1603 1087 1634 ,
1101 1557 1140 1618 de
1158 1576 1220 1638 qua
1241 1557 1351 1637 agitur,

200 1667 268 1709 rem
284 1650 409 1728 intersit,
426 1658 459 1713 ut
474 1652 503 1712 iu
528 1651 585 1712 isto
602 1670 779 1732 congressu,
798 1653 827 1714 in
841 1671 934 1733 quem
957 1654 1159 1734 plurimorum
1172 1653 1253 1715 occdi
1275 1671 1352 1714 con·

200 1746 279 1807 versi
295 1755 379 1824 sunt,
400 1747 563 1828 quamdam
585 1748 661 1809 inter
675 1767 728 1810 vos
742 1749 911 1810 animorum
923 1750 1169 1828 conjunctionem
1187 1747 1350 1823 sauciatis,

200 1839 291 1921 idque
309 1843 347 1903 ad
369 1851 545 1905 ceterorum
566 1845 658 1905 etiam
679 1845 866 1926 exemplum,
884 1845 922 1906 de
941 1846 1122 1927 episcopali,
1145 1844 1227 1926 quod
1249 1845 1352 1925 geritis

199 1942 383 2019 ministerio,
412 1950 568 2023 vestraque
590 1943 735 2022 dignitate
759 1942 893 2004 sentiatis
912 1961 1018 2004 omnes
1038 1961 1075 2004 ac
1088 1943 1247 2017 statuatis,
1268 1941 1350 2021 quod

199 2038 276 2098 tanti
292 2042 424 2101 muneris
445 2042 537 2114 ratio,
558 2039 641 2120 quod
661 2039 856 2101 sanotissinm
870 2057 906 2100 ac
919 2039 1127 2101 vetustissime
1150 2040 1247 2119 leges,
1268 2038 1351 2119 qnod

201 2136 276 2197 tides
292 2144 406 2214 vestra,
421 2155 513 2219 quam
525 2140 605 2213 Deo,
620 2156 713 2218 qnam
722 2138 861 2199 Faeolesim
874 2138 1049 2218 Popnloque
1059 2145 1166 2199 vestrae
1178 2155 1261 2199 curce
1268 2155 1352 2199 com·

200 2231 293 2294 misso
302 2233 456 2313 obligastis
466 2281 474 2309 ‚
486 2254 503 2295 a
513 2233 598 2296 vobis
608 2234 773 2316 postulant.
786 2235 925 2295 Haecnon
935 2233 1075 2296 bonandi
1090 2235 1135 2296 tui
1146 2252 1256 2310 causa,
1268 2234 1352 2314 quod

199 2330 325 2392 minime
345 2349 466 2392 necesse
480 2339 541 2409 est,
559 2330 611 2393 sed
625 2338 684 2392 tuae
697 2330 797 2410 gloria
811 2328 1024 2392 confirmanda
1044 2330 1248 2412 augendaque
1266 2332 1352 2413 cupi·

198 2426 294 2488 ditate
311 2428 402 2488 dicia
421 2428 514 2489 Nobis
526 2428 679 2503 existima,
691 2427 860 2508 pignusque
872 2433 982 2489 nostra
998 2428 1087 2507 bujus
1101 2428 1261 2508 singularis
1280 2446 1351 2508 erga

200 2531 232 2585 te
246 2523 408 2584 voluntatis
419 2523 498 2584 babe
510 2524 707 2604 apostolicam
715 2524 970 2601 benedictionem,
981 2544 1075 2606 quam
1087 2525 1153 2601 tibi,
1164 2525 1353 2588 Venerabilis

201 2621 319 2696 kalen,
340 2628 531 2701 peramanter
552 2621 751 2702 impertimur.
777 2624 891 2684 Datum
909 2629 945 2684 in
957 2626 1034 2685 Arce
1059 2623 1238 2703 Gondalplti
1256 2625 1353 2686 Albu-

199 2723 302 2781 neoris
315 2720 462 2793 mnsam,
477 2727 547 2790 ete,
560 2721 610 2780 dte
636 2730 673 2780 an
692 2722 818 2783 octobris
841 2732 928 2797 177⁰,
952 2724 1147 2800 pontificatue
1164 2726 1260 2784 nostri
1274 2740 1354 2785 aare

199 2818 342 2878 secundo.

742 3060 811 3130 CX.

607 3243 798 3286 vnttnutbl
821 3243 935 3285 anam

342 3378 512 3439 uranico
533 3377 672 3439 ioanni
693 3373 876 3439 mmmm
897 3371 1209 3435 auamnnnnnsr

512 3519 747 3599 CLEMENS
776 3521 903 3597 ΡΑΡΑ
931 3519 1035 3595 xlv.

738 3699 767 3748 ta
778 3701 839 3748 arca
846 3694 995 3760 Gandnlpbi,
1004 3700 1032 3748 tt
1045 3695 1151 3746 octobris
1166 3700 1232 3746 1770.

245 3805 444 3878 Venerabilis,
454 3811 511 3865 etc.
522 3805 598 3864 Cmn
608 3809 680 3864 tuiis
692 3801 895 3882 episcopatus,
909 3801 940 3861 in
950 3817 1043 3880 quem
1052 3805 1189 3861 recenter
1202 3801 1354 3878 amasus

198 3921 244 3979 cs,
255 3919 346 3964 curas
353 3899 501 3978 ejusmodi
513 3918 578 3962 esee
588 3899 758 3974 videamus,
768 3917 835 3979 quae
848 3899 979 3960 maxime
990 3904 1076 3960 tanto
1087 3896 1230 3978 pascendi
1241 3898 1354 3962 Christi

199 4002 297 4086 gregis
306 3997 475 4064 ministerio
481 3999 672 4075 conveniant
683 3996 879 4060 libentissime
891 3995 943 4057 tibi
957 4002 1092 4058 nostram
1103 3993 1265 4076 pontificiae
1280 4013 1354 4057 ane

202 4102 330 4164 toritatis
351 4115 454 4180 opem,
466 4114 558 4176 qnam
572 4113 626 4176 per
635 4096 751 4156 litteras
762 4093 801 4154 ad
813 4095 874 4155 Nos
886 4092 973 4155 datas
975 4093 1151 4173 postulas,
1160 4096 1351 4172 prestamus,

204 4207 347 4305 lupoque
355 4193 501 4298 germ
510 4192 668 4272 pastoralis
680 4190 901 4273 procurationis
914 4189 1062 4251 rationem
1066 4193 1236 4268 ,quantum
1247 4185 1278 4246 in
1293 4187 1354 4247 llo

103 4346 107 4359 .
202 4293 285 4355 utino
300 4312 476 4373 pomaeria,
493 4276 708 4371 expeditiorem
725 4288 824 4348 iacere
840 4287 1031 4348 vehementer
1050 4293 1202 4368 optamus.
1222 4281 1354 4344 Proinde

201 4388 284 4469 qnod
297 4389 493 4469 pmnopetis,
509 4386 614 4449 iisdem
626 4386 715 4466 plane
724 4382 854 4463 permoti
864 4401 963 4444 causis
972 4383 1100 4463 ,quibus
1113 4379 1354 4463 sapientissimus

203 4485 402 4573 predecessor
415 4493 516 4548 noster
536 4504 580 4546 sa.
600 4501 660 4545 me.
679 4477 858 4543 Benedictus
877 4480 955 4556 XlV,
976 4479 1058 4560 quod
1072 4479 1121 4541 illo
1133 4499 1189 4560 pro
1201 4477 1275 4541 locis
1295 4475 1355 4583 ioa-¹
