3194 5354
222 464 254 512 16
649 452 851 508 CLEMFlelS
870 453 934 506 xtv

219 560 404 641 pontificiam
423 559 460 620 ad
474 561 534 621 Nos
546 559 677 619 delatam
695 557 872 637 dignitatem
888 558 1087 619 cumulatiora
1104 557 1225 619 luerunt
1241 559 1308 634 ejus
1327 559 1367 620 li-

218 657 286 718 belli
299 657 487 734 accessione,
505 656 643 738 quamde
654 657 745 719 veteri
760 663 790 720 et
808 675 886 719 nova
897 655 994 718 forma
1007 656 1159 738 pontilicis
1178 657 1295 717 romani
1306 657 1367 718 eli-

216 754 304 834 gendi
325 763 387 817 ate
404 755 477 819 olim
498 754 698 836 perscriptum
712 757 802 819 tertio
814 773 920 835 nuper,
941 772 1011 815 cum
1024 755 1054 815 in
1069 753 1198 815 comitiis
1216 771 1365 831 essemus,

217 851 347 914 edidisti.
365 853 399 915 ld
418 853 504 915 nobis
522 857 683 932 utrumque
697 851 754 914 luit
765 851 1019 934 jucundissimum
1028 877 1036 927 3
1060 853 1193 933 primum
1206 853 1287 914 enim
1301 873 1366 934 prae

217 966 249 1008 se
264 946 322 1008 lert
333 948 466 1010 animum
478 955 566 1010 tuum
575 947 722 1028 obsequii,
735 948 804 1011 fidei
819 956 851 1010 et
865 948 1062 1010 observantiae
1072 967 1143 1029 erga
1152 950 1213 1010 Nos
1224 967 1259 1010 ac
1270 969 1367 1030 apos-

217 1044 340 1106 tolicam
353 1044 431 1107 hauc
443 1045 545 1107 sedern
556 1045 775 1126 plenissimum,
791 1048 918 1109 alterum
936 1045 1070 1107 declarat
1079 1045 1179 1108 studia
1188 1051 1278 1126 atque
1290 1064 1366 1108 eru-

217 1139 361 1202 ditionem
378 1147 463 1203 tuam
477 1159 583 1203 earum
603 1143 768 1222 prasertim
782 1160 900 1221 rerum,
912 1160 979 1223 quae
1000 1142 1039 1204 ad
1054 1143 1115 1204 Nos
1136 1143 1365 1224 quodammodo

217 1239 257 1301 ob
272 1239 369 1319 ipsam
390 1238 469 1301 hanc
484 1239 527 1301 rei
541 1246 571 1302 et
592 1241 736 1321 temporis
754 1239 1013 1322 opportunitatem
1033 1239 1213 1302 reseruntur.
1233 1241 1366 1305 Proinde

216 1342 319 1397 nostra
336 1335 464 1398 invicem
484 1336 537 1398 tibi
556 1343 682 1418 paterna
701 1338 909 1401 benevolentia
927 1338 1141 1420 respondentes
1156 1338 1315 1416 eamdem,
1338 1341 1364 1402 si

216 1432 287 1512 quid
309 1451 327 1493 a
346 1434 440 1495 Nobis
459 1452 536 1516 opus
565 1436 639 1513 erit,
665 1447 774 1517 praesto
800 1435 853 1498 tibi
876 1453 995 1517 semper
1016 1436 1149 1498 laturam
1171 1436 1362 1517 pollicemur.

217 1531 354 1610 Interim,
369 1540 403 1595 ut
427 1542 457 1594 te
469 1541 574 1596 nostro
594 1533 742 1596 desiderio
760 1552 831 1597 cum
846 1542 1017 1596 ceterorum
1039 1533 1173 1596 fidelium
1196 1534 1274 1596 votis
1295 1540 1365 1597 tuas

217 1629 362 1691 etiamad
384 1632 479 1691 Deum
496 1631 612 1711 optimo
630 1632 764 1693 maximo
781 1650 837 1712 pro
852 1638 955 1693 nostra
975 1632 1138 1695 munienda
1155 1631 1364 1695 imbecillitate

217 1743 321 1805 preces
334 1725 534 1805 conjungendi
548 1725 719 1789 satisfacere
730 1744 791 1788 non
811 1725 1001 1804 dubitamus,
1015 1727 1133 1791 ita-Nos
1152 1728 1183 1789 in
1200 1728 1364 1808 pontificiae

218 1823 352 1885 caritatis
367 1823 475 1904 pignus
487 1822 683 1903 apostolicam
705 1822 946 1886 benedictionem
960 1823 1032 1902 tibi,
1054 1823 1164 1887 dilecte
1186 1825 1245 1903 nti,
1269 1845 1364 1906 pera-

218 1927 336 1983 manter
349 1921 548 2003 impertimur.
563 1923 679 1985 Datum
696 1923 812 1994 Rome,
829 1929 896 1999 etc,
912 1922 962 1983 die
984 1924 1108 2000 abjectis·
1125 1933 1200 1985 1769
1212 1968 1220 1998 ,
1233 1928 1365 2002 pontifi-

218 2028 303 2083 catus
315 2024 412 2082 austri
425 2038 505 2081 uano
514 2024 624 2099 primo.

726 2260 844 2330 XVlll.

670 2424 801 2468 DlLBC'l'O
823 2426 908 2469 rtulo

509 2539 633 2600 ruruo
654 2539 869 2599 raancrsco
890 2536 1070 2613 aounrnu,

243 2668 521 2719 bununlcmtonun
536 2670 813 2719 concremationis
828 2671 852 2718 S.
870 2669 971 2718 nsunt
988 2667 1155 2717 surentoltl
1172 2665 1338 2723 Gemella,

531 2786 765 2868 CLEMENS
792 2792 918 2868 ΡΑΡΑ
947 2787 1054 2864 XIV.

988 2960 1081 3019 Romae,
1095 2963 1109 3006 t
1122 2955 1215 3016 angusti
1232 2956 1299 3002 tlon.

259 3075 385 3150 Dilecto,
406 3083 461 3138 etc.
480 3078 590 3159 Magno
604 3077 715 3158 gaudio
733 3083 763 3140 te
781 3085 926 3159 tuamque
946 3072 1210 3154 congregationem
1235 3067 1363 3129 allectos

218 3171 309 3233 luisoe
335 3173 375 3234 ob
399 3180 534 3236 nostram
562 3174 601 3236 ad
624 3175 814 3256 pontificium
840 3175 961 3236 culmen
986 3170 1172 3233 evectionem
1198 3165 1364 3228 luculenter

219 3267 372 3328 declarant
386 3275 444 3331 tuae
456 3270 646 3333 observantia
662 3272 692 3332 in
703 3274 779 3349 Nos,
793 3271 853 3333 fide
869 3289 904 3332 ac
917 3269 1029 3349 pietate
1044 3264 1160 3326 refertae
1170 3263 1287 3325 litterae.
1304 3261 1362 3322 Sed

219 3365 262 3428 ila
279 3367 428 3447 perspecti
447 3368 512 3446 jam
530 3373 619 3428 antea
632 3368 724 3431 Nobis
742 3375 829 3432 erant
849 3368 890 3429 tui
903 3367 935 3427 in
949 3365 1028 3426 banc
1049 3361 1245 3444 apostolicam
1262 3357 1364 3420 sedem

220 3480 337 3541 sensus,
349 3468 383 3524 ut
397 3462 519 3525 eosdem
535 3481 616 3526 nunc
629 3465 790 3528 cumulatis
807 3459 1073 3542 significationibus
1087 3465 1213 3520 testatos
1223 3473 1284 3519 non
1301 3462 1365 3517 tam

219 3559 311 3622 Nobis
330 3558 505 3641 probaveris
521 3578 613 3641 quam
635 3562 731 3643 magis
747 3561 903 3642 magisque
918 3556 1152 3620 confirmaveris.
1174 3558 1277 3636 ltaque
1293 3571 1366 3634 gra-

220 3659 335 3722 tissima
346 3660 438 3722 Nobis
451 3658 572 3722 fuerunt
586 3659 686 3723 officia
699 3661 764 3723 haec
776 3667 841 3736 tua,
853 3677 920 3739 quae
934 3675 952 3718 a
971 3662 1000 3716 tc
1013 3655 1104 3716 etiam
1114 3661 1226 3736 tuaque
1237 3669 1366 3730 congre-
1432 3676 1434 3680 ¹

219 3757 338 3835 gatione
352 3757 446 3837 magis
456 3758 678 3840 amplificantur
692 3757 776 3832 lusis,
789 3762 823 3817 ut
837 3753 953 3831 scribis,
969 3751 1007 3814 ad
1019 3749 1294 3812 misericordiarum
1308 3765 1367 3826 pa-

221 3861 298 3914 trem
320 3854 477 3934 precibus,
500 3862 534 3917 ut
549 3863 720 3919 nostrarum
744 3853 853 3916 virium
874 3850 1109 3913 imbecillitatem
1130 3849 1159 3910 in
1188 3846 1366 3928 gravissimo

220 3950 352 4031 gerendo
372 3970 496 4015 munere
517 3973 572 4018 sno
590 3956 654 4037 ipse
673 3953 812 4036 praesidio
829 3951 932 4014 fulciat
944 3970 979 4013 ac
1000 3947 1186 4012 corroboret.
1201 3948 1236 4007 ln
1253 3942 1367 4022 judicio

220 4069 291 4112 vero
302 4050 341 4113 de
354 4051 446 4113 Nobis
459 4058 512 4114 tuo
523 4052 597 4116 nihil
612 4053 668 4136 ipsi
679 4051 736 4113 nisi
751 4049 983 4124 humanitatem,
995 4046 1140 4128 pietatem
1154 4062 1192 4105 ac
1204 4040 1368 4102 vehemens

222 4145 252 4205 in
262 4147 350 4209 nobis
359 4147 452 4210 animi
464 4148 508 4210 tui
522 4148 656 4211 studium
670 4145 871 4227 agnoscimus.
883 4146 944 4206 Nos
957 4142 1087 4205 invicem
1102 4140 1145 4202 ita
1158 4139 1189 4199 in
1199 4142 1229 4197 te
1241 4133 1367 4196 animati

223 4260 340 4322 sumus,
356 4253 391 4308 ut
411 4246 542 4327 aliquam
566 4243 749 4326 suppeditari
770 4243 858 4305 nobis
881 4240 1137 4324 opportunitatem
1157 4232 1289 4296 maxime
1309 4249 1368 4293 cu-

223 4338 341 4418 piamus
352 4340 523 4406 declarandi
538 4342 638 4422 reipsa
650 4340 703 4402 tibi
713 4386 720 4416 ‚
732 4359 825 4421 quarn
836 4338 953 4421 prolixa
969 4345 998 4398 te
1018 4344 1146 4416 tuosque
1159 4327 1368 4393 benevolentia

223 4437 470 4517 complectamur.
486 4438 608 4502 interim
622 4438 652 4499 in
666 4437 757 4515 brrjus
767 4444 899 4519 paternae
910 4434 1043 4498 caritatis
1052 4435 1159 4516 pignus
1169 4427 1370 4511 apostolicam
