3194 5354
331 502 384 553 234
761 493 966 551 CLEllENTlS
984 496 1047 552 xlv

330 601 450 664 eltloist.
473 602 549 662 Cum
571 599 652 661 enim
674 616 798 660 omnem
822 617 964 680 operam,
989 617 1113 663 omnem
1133 600 1313 665 iudustriam
1336 610 1426 669 tuam
1445 621 1483 668 ao

329 698 481 774 cantores,
503 697 590 759 troile
612 696 777 772 obtinebis,
800 704 834 758 ut
853 703 884 759 te
909 696 1081 777 postulante
1101 697 1201 760 valere
1222 717 1273 763 ees
1298 699 1382 781 ipsas
1400 701 1481 782 leges

329 796 422 858 velint
434 841 443 872 ,
457 812 533 876 quas
545 793 602 876 ipsi
614 811 670 875 pro
684 792 844 856 Catholicu
855 792 1008 872 religionis
1022 792 1183 857 securitate
1197 795 1378 863 moremus
1387 797 1481 863 duxe-

329 899 410 954 runt.
427 892 461 954 ld
476 892 566 972 igitur
580 898 616 953 ut
629 908 750 953 summa
768 888 923 970 diligentia
934 897 966 953 et
980 909 1056 953 curs
1074 890 1190 954 enitare
1203 911 1223 955 a
1236 893 1397 973 Maiestate
1415 898 1481 959 Tua

328 998 359 1052 et
372 990 527 1071 poscimus
538 996 569 1051 et
584 988 775 1051 confidimus.
790 989 821 1051 Si
836 988 959 1070 quidem
972 1007 1043 1051 cum
1054 989 1172 1070 imperii
1184 989 1229 1055 tui
1247 990 1398 1072 dignitas,
1409 993 1480 1059 littei

327 1087 508 1165 delmsoris,
529 1106 565 1150 sc
588 1088 718 1168 pastoris
735 1087 789 1150 tibi
813 1105 943 1161 munus,
966 1107 1002 1151 ac
1026 1107 1138 1153 noman
1160 1088 1315 1170 imponat,
1335 1090 1413 1154 nibil
1426 1092 1481 1155 tibi

328 1185 430 1267 prius,
450 1193 540 1266 atque
558 1184 711 1265 antiquius
729 1184 795 1248 lore
817 1185 974 1263 ducimus,
986 1202 1080 1267 quam
1101 1191 1180 1249 utro
1200 1185 1267 1267 ipsa
1285 1186 1378 1249 talem
1399 1193 1430 1251 ta
1450 1195 1482 1251 et

298 1360 301 1368 Ι
326 1302 394 1346 ease
411 1283 486 1346 velle
509 1289 541 1346 et
565 1282 732 1362 nuncupari
746 1284 848 1364 palam
870 1285 974 1349 facim.
998 1285 1086 1349 Nulla
1099 1303 1133 1349 re
1147 1283 1284 1365 prolecto
1296 1283 1407 1347 melius
1423 1292 1482 1347 truc

328 1381 422 1464 ipsius
438 1381 573 1444 felicitati
594 1389 685 1462 atquo
700 1382 803 1461 gloria
815 1384 971 1464 provisum
990 1392 1056 1447 csse
1077 1401 1095 1445 s
1107 1389 1137 1445 ts
1150 1370 1272 1463 poterit.
1288 1382 1320 1447 Si
1329 1382 1414 1447 enim
1428 1384 1480 1447 Dei

326 1483 397 1561 Opt.
415 1478 538 1542 tissimi
551 1478 754 1560 providentia,
767 1498 804 1542 ac
819 1480 964 1543 beneficio
987 1497 1091 1559 regum
1103 1496 1328 1561 regnorumque
1341 1497 1391 1541 ras
1410 1498 1482 1543 sus-

328 1577 471 1654 tinentur,
486 1577 568 1639 nulla
580 1578 680 1659 potior
693 1577 785 1640 divini
803 1576 962 1658 patrocinii
979 1576 1160 1641 conciliandi
1177 1577 1255 1641 ratio
1268 1595 1334 1640 esse
1345 1578 1479 1659 poterit,

327 1675 464 1755 quamsi
487 1682 517 1736 te
534 1675 612 1736 illius
625 1673 725 1754 gloriae
747 1673 912 1736 asserendas
937 1673 1206 1750 studiosissimum,
1229 1672 1371 1753 illamque
1385 1675 1481 1736 robus

326 1771 469 1833 omnibus
486 1779 516 1832 te
534 1770 681 1832 anteferre
702 1770 874 1850 profiteare.
897 1771 1059 1832 Summum
1070 1770 1153 1833 hunc
1171 1770 1318 1832 bonorum
1339 1771 1481 1833 omnium

328 1869 441 1931 sontem
454 1868 541 1930 enixe
554 1885 731 1948 precamur,
744 1875 778 1928 ut
789 1868 916 1929 culestis
929 1885 989 1930 suu
1000 1868 1102 1947 gratia
1122 1867 1260 1949 presidio
1278 1867 1308 1929 iu
1326 1874 1355 1929 te
1366 1871 1481 1932 contir-

327 1976 388 2029 met
415 1970 493 2030 hanc
523 1967 662 2029 Ecclesia
688 1966 958 2047 pernecessariam,
981 1966 1036 2028 tibi
1053 1966 1264 2042 utilissimam,
1284 1964 1401 2046 sibique
1420 1965 1479 2048 ipsi

327 2064 566 2145 acceptissimam
588 2064 783 2127 voluntatem.
809 2067 849 2127 Et
868 2065 899 2127 in
924 2063 1096 2129 divinomm
1117 2062 1292 2144 hujusmodi
1315 2081 1479 2128 munerum

326 2171 493 2251 auspicium
505 2177 595 2251 atque
608 2171 638 2232 in
649 2179 759 2234 nostru
768 2178 900 2253 paterne
913 2189 950 2233 ac
962 2169 1120 2251 singularis
1138 2188 1210 2250 erge
1221 2177 1250 2232 te
1263 2170 1478 2234 benevolentias

326 2266 1479 2349 pignus,AugustaetlajestatiTuaeapostolicambenedictionemscientissime

326 2365 524 2447 impertimur.
540 2369 653 2429 Datum
667 2367 784 2440 Romu,
804 2366 886 2447 uprrd
904 2367 938 2427 S.
959 2368 1084 2428 Petrum
1104 2367 1157 2427 ml
1186 2369 1306 2440 aarum,
1317 2371 1479 2446 puratum

325 2464 374 2524 die
392 2474 409 2524 5
423 2465 584 2525 decembris
600 2476 687 2540 tm,
701 2468 892 2543 pontificatus
902 2468 1001 2526 nostri
1011 2481 1094 2525 anno
1106 2470 1223 2542 quarto.

853 2704 944 2775 CCX.

736 2862 929 2906 runnnsrur
951 2864 1065 2908 raum

512 2970 648 3031 SIMONI
668 2970 836 3032 utconlu
857 2971 1038 3033 EPlSoePO
1060 2967 1285 3030 utsltuttrtst

633 3092 868 3174 CLEMENS
895 3095 1024 3174 PAPA
1051 3092 1157 3171 XIV.

1083 3243 1184 3301 nourr,
1197 3248 1214 3293 s
1225 3240 1320 3302 inusti
1341 3245 1406 3292 tm.

369 3347 569 3416 Venerabilis,
599 3353 656 3409 etc.
689 3348 839 3411 Eximiam
862 3356 946 3410 tuam
972 3348 1002 3409 in
1034 3346 1200 3428 apostolico
1226 3344 1392 3408 ministerio
1417 3345 1478 3407 rito

266 3432 269 3437 ’
325 3441 466 3505 obeundo
478 3440 719 3521 sollicitudinem,
735 3450 824 3525 atque
836 3444 868 3505 in
881 3443 974 3505 divini
985 3442 1222 3506 stsaoelasiastiui
1238 3442 1377 3525 prucepti
1391 3442 1477 3504 inte-

321 3532 548 3613 gritatetuenda
557 3532 690 3597 studium
700 3531 933 3595 luculentissima
942 3531 1150 3613 cognorimus,
1160 3528 1344 3595 venerabilis
1355 3531 1475 3607 Frater,

322 3649 358 3690 cr
373 3629 477 3692 litteris
492 3628 564 3706 tuis,
576 3629 686 3710 quibus
698 3630 843 3692 certiores
857 3632 918 3692 Nos
929 3631 1025 3693 iecisti
1037 3630 1075 3692 (le
1091 3629 1307 3710 impstlimsuto
1319 3625 1422 3706 illato,
1435 3647 1476 3690 uc

323 3733 455 3788 nostrum
478 3726 516 3788 de
532 3726 639 3789 diebus
650 3727 734 3790 lestis
749 3716 847 3807 legem
865 3728 1083 3808 promulgares,
1095 3726 1264 3808 quibruqua
1276 3743 1295 3787 a
1307 3722 1403 3786 Nobis
1423 3743 1477 3806 po

322 3823 451 3898 stulasti,
464 3822 542 3884 utnd
552 3843 588 3886 ea
597 3825 812 3905 impedimenta
822 3823 992 3887 amovenda
999 3823 1052 3886 tibi
1061 3831 1243 3905 potestatem
1253 3819 1478 3903 impertirentur

323 3919 461 3985 tollenda
473 3921 597 3983 omnino
616 3923 799 4000 jeJuniorum
813 3921 1017 4002 obligationis,
1031 3939 1128 4001 quma
1143 3918 1250 3999 vigiliis
1269 3916 1476 4000 quorumdam

321 4022 537 4103 abrogatomm
548 4019 693 4082 lestorum
705 4020 744 4082 nd
758 4021 848 4084 scrius
865 4029 1006 4103 quartam
1018 4028 1049 4082 ct
1059 4027 1176 4082 sartam
1189 4016 1347 4082 Adventus
1358 4023 1476 4079 crarta

321 4118 670 4194 Nobistranslata,unda
678 4112 1477 4201 onmisilladililcultasestprnlectu.llcNosquitleru

323 4219 465 4296 praeclaro
481 4224 533 4279 tuo
546 4215 646 4279 studio
667 4216 697 4277 in
708 4216 871 4297 episcopali
886 4233 1012 4279 munere
1024 4212 1158 4295 geraudo
1171 4213 1285 4277 mirum
1297 4210 1328 4273 in
1347 4208 1477 4274 modum

321 4313 473 4391 delmati,
491 4322 522 4377 et
535 4313 645 4384 causis,
660 4332 736 4394 quas
748 4312 873 4376 attulisti
893 4328 1077 4392 magnopere
1097 4307 1244 4371 commoti
1265 4323 1353 4388 equo
1374 4305 1478 4385 animo

322 4407 502 4487 inducimur,
516 4417 550 4473 ut
560 4408 770 4491 postulationis
781 4415 839 4470 tua
855 4424 1035 4486 annuamus,
1048 4425 1109 4487 quo
1127 4412 1159 4468 et
1174 4412 1203 4468 te
1218 4424 1257 4467 ex
1272 4402 1308 4466 iis
1317 4402 1476 4484 angustiis,

322 4509 353 4571 iu
367 4506 476 4589 quibus
488 4514 518 4569 te
532 4509 642 4571 versari
659 4505 867 4586 agnoscimus,
882 4505 1066 4582 eximamus,
1079 4509 1110 4565 ct
1119 4501 1224 4584 populi
1247 4499 1290 4562 tui
1311 4500 1341 4561 in
1355 4496 1477 4563 uterus
