3194 5354
387 456 630 513 aristonem
649 459 781 513 BREVlA
799 460 1030 516 SELEC'flOElt.
1230 470 1279 520 fil

137 562 185 622 lld
197 578 289 641 quam
303 558 425 641 quidam
447 561 688 626 labefactandam
707 582 778 626 cum
800 564 900 644 plnres
915 566 968 628 via
988 567 1177 648 rationesque
1194 575 1276 642 sunt,

26 685 28 687 ·
136 668 203 720 tum
218 660 344 721 fortasse
356 677 393 720 ex
407 659 514 722 ceteris
532 661 770 741 periculosiores,
782 680 849 742 qun
862 662 917 724 etsi
930 680 992 724 non
1005 664 1164 726 manifesta
1183 666 1211 726 vi
1225 685 1272 727 su·

135 755 199 817 bito
208 754 427 835 aggrediantur,
437 763 540 818 tamen
554 759 700 837 paulatim
709 757 770 821 suis
780 759 863 821 illam
874 759 1026 840 presidiis,
1037 779 1073 823 ac
1086 761 1279 823 munimentis

135 874 206 917 cum
221 856 382 937 expoliant,
396 856 509 935 injurie
523 875 559 919 ac
570 857 748 919 detrimento
768 857 942 939 accipiendo
956 859 1118 922 obnoxiam
1131 859 1275 922 efficiunt.

136 952 166 1012 Si
180 956 261 1014 entnr
272 952 411 1014 Ecclenre
420 953 492 1031 iura
505 953 617 1016 sensim
630 953 801 1034 infringant,
814 954 839 1016 si
858 955 1075 1018 ecclesiasticos
1088 956 1168 1018 viros
1190 957 1278 1020 bonis

133 1071 170 1113 ac
182 1052 383 1133 prerogativis
404 1053 465 1114 suis
478 1061 600 1131 exuant,
614 1072 721 1135 resque
734 1054 835 1117 divino
848 1054 943 1117 cultui
956 1062 1158 1137 consecratas,
1177 1074 1213 1117 ac
1226 1075 1278 1117 sa-

136 1154 293 1216 cerdotum
316 1153 494 1215 sustinenda
513 1154 647 1233 dignitati
669 1153 803 1215 addictas
822 1153 999 1231 detralrant3
1014 1153 1174 1216 debilitatis
1187 1173 1278 1217 sanc-

134 1249 222 1312 tuarii
236 1249 389 1324 ministris,
401 1256 432 1310 et
445 1250 586 1311 facultate
595 1250 691 1329 gregis
705 1249 751 1310 sui
765 1248 930 1329 opitulandi
941 1249 1074 1329 privatis,
1088 1267 1210 1311 necesse
1221 1249 1277 1311 erit

132 1349 228 1428 ipsam
254 1349 404 1428 religionis
429 1350 617 1412 sanctitatem
640 1347 821 1429 pedetentim
846 1347 996 1424 imminui,
1022 1354 1054 1409 et
1072 1348 1275 1409 sanctuarium

131 1447 253 1510 demum
268 1467 397 1510 vacuum
414 1468 449 1510 ac
469 1448 622 1510 desertum
640 1444 777 1526 relinqui.
791 1447 977 1524 Quapropter
989 1443 1138 1522 religionis
1157 1463 1193 1505 ac
1206 1444 1274 1505 fidei

128 1548 287 1630 integritati
301 1550 473 1629 preclaram
492 1565 616 1628 operam
636 1552 666 1606 te
678 1550 873 1619 novaturum,
888 1548 918 1602 et
938 1540 1069 1601 divinam
1085 1542 1274 1604 clementiam

129 1644 256 1707 mirifice
268 1645 323 1707 tibi
339 1645 570 1708 conciliaturum
584 1641 770 1716 existimato,
792 1657 862 1700 cum
885 1636 1058 1716 hujusmodi
1078 1637 1273 1717 detrimenta,

128 1748 274 1820 quantum
288 1743 318 1803 in
331 1750 360 1803 te
376 1743 444 1818 erit,
455 1743 493 1804 ab
505 1741 636 1802 Ecclesia
650 1738 833 1802 removenda
841 1736 1003 1814 curaveris,
1016 1755 1123 1817 resque
1136 1757 1153 1799 a
1164 1739 1274 1819 prede

130 1858 283 1903 cessurum
297 1847 418 1903 tuorum
430 1841 651 1915 munificentia,
670 1858 705 1901 ac
717 1837 823 1900 inclite
832 1838 961 1900 nationis
973 1844 1030 1900 tuae
1041 1839 1152 1919 pietate
1166 1840 1273 1905 domus

127 1937 243 1998 Domini
269 1937 370 2000 decori
395 1938 606 2019 amplificando
630 1939 806 2016 attributas,
829 1937 974 2016 integras,
996 1946 1085 2020 atque
1107 1941 1273 2004 incolumes

126 2031 262 2108 prasidio
271 2040 324 2093 tuo
335 2034 506 2096 servaveris.
516 2037 776 2114 supervacaneum
789 2034 912 2095 omnino
926 2033 1076 2111 ducimus,
1089 2054 1273 2098 commemo

127 2143 228 2189 remus
243 2129 424 2205 arctissima,
440 2131 551 2210 quibus
563 2149 648 2210 reges
668 2130 800 2192 adstricti
822 2138 891 2191 sunt
908 2129 1102 2192 defendenda
1115 2132 1270 2210 Ecclesia,

123 2223 249 2303 ejusque
267 2226 377 2303 legum,
386 2227 499 2304 jurium
521 2228 701 2290 tuendorum
713 2227 824 2303 officia,
838 2226 1033 2306 jurisjurandi
1052 2226 1227 2306 religionem
1240 2229 1271 2291 in

108 2322 191 2402 .ipsa
211 2325 294 2404 regni
309 2325 537 2405 inauguratione
557 2333 717 2407 propterea
735 2332 921 2405 susceptam,
943 2343 1068 2405 quaque
1090 2325 1270 2405 aprnclaris

124 2419 206 2483 bisce
219 2416 362 2505 exemplis
380 2425 418 2487 ad
437 2426 540 2506 populi
559 2425 757 2487 imitationem
778 2423 920 2485 utilitates
937 2422 1073 2484 derivant
1078 2447 1087 2500 3
1108 2422 1171 2484 hac
1188 2423 1269 2485 enim

126 2518 229 2580 omnia
250 2519 362 2582 intimis
385 2522 458 2601 regii
480 2522 524 2584 tui
544 2522 636 2583 animi
650 2521 784 2584 sensibus
801 2520 892 2581 infixa
915 2519 1034 2600 penitus
1056 2537 1123 2580 esse
1143 2519 1266 2582 scimus.

125 2615 202 2678 lllud
214 2619 426 2681 tantummodo
444 2621 631 2700 adjiciemus,
646 2627 677 2681 te
699 2620 757 2682 hoc
770 2617 908 2680 Ecclesia
926 2617 1080 2679 declarato
1100 2617 1267 2698 patrocinio

122 2709 325 2777 incredibilem
346 2735 480 2779 amorem
505 2724 596 2798 atque
619 2715 869 2779 existimationem
892 2713 1036 2776 universa
1060 2721 1117 2775 tua
1138 2713 1267 2775 nationis

124 2807 176 2869 tibi
188 2810 399 2888 adiuncturum
417 2839 423 2874 :
440 2815 709 2877 ecclesiasticorum
729 2821 829 2874 autem
853 2812 986 2872 virorum
1006 2811 1168 2890 singularia
1186 2811 1216 2871 in
1235 2818 1266 2871 to

120 2904 220 2966 studia
236 2907 428 2988 assiduasque
442 2910 480 2969 ad
504 2913 598 2972 Deum
612 2929 718 2989 preces
738 2909 901 2982 extituras,
924 2915 959 2967 ut
982 2906 1034 2967 tibi
1056 2907 1149 2968 divini
1168 2909 1265 2968 cultus

119 3009 211 3082 alque
221 3005 358 3066 Ecclesia
373 3007 498 3087 ejusque
509 3009 713 3069 ministrorum
732 3013 888 3083 tantopere
902 3003 1036 3065 studioso
1056 3004 1087 3063 in
1104 3004 1162 3064 hac
1174 3004 1264 3064 etiam

122 3099 184 3160 vita
197 3101 380 3181 amplissima
394 3103 516 3165 honoris
531 3123 567 3164 ac
579 3104 679 3182 gloria
693 3095 814 3183 premia
826 3101 950 3176 tribuat,
964 3106 1056 3179 utque
1065 3100 1096 3160 in
1108 3101 1264 3179 Maiestate

118 3199 287 3260 Tuaratam
296 3218 331 3260 ac
339 3199 458 3263 firmam
467 3202 567 3282 palam
575 3202 666 3265 faciat
674 3199 1262 3280 celestemillamsuam'pollicitationem,

117 3314 261 3376 quaeum
277 3298 327 3376 qni
340 3316 371 3359 se
388 3298 640 3376 honorificaverit,
658 3319 689 3361 se
707 3301 778 3361 item
793 3295 1030 3379 glorificaturum
1041 3298 1191 3379 professus
1205 3309 1260 3362 est.

117 3395 244 3456 Domum
258 3394 349 3456 finem
370 3395 547 3457 cohortandi
560 3396 604 3456 tui
616 3396 776 3471 faciemus,
789 3404 878 3474 teque
888 3394 927 3455 ad
942 3396 1037 3455 Deum
1048 3413 1084 3455 ac
1096 3395 1261 3457 Ecclesiam

116 3492 222 3553 ceteris
236 3492 325 3554 rebus
341 3493 481 3553 omnibus
497 3493 724 3554 anteferendam
741 3492 822 3553 beati
833 3491 980 3553 Goelestini
995 3493 1019 3552 1.
1036 3491 1262 3555 Pradecessoris

50 3654 51 3657 ,
116 3593 208 3655 nostri
222 3593 259 3654 ad
275 3592 441 3674 piissimum
454 3595 669 3672 imperatorem
687 3590 889 3651 Theodosium
908 3589 1004 3676 verbis
1022 3589 1209 3668 impellamus
1214 3615 1223 3666 3
1236 3592 1260 3651 si

116 3689 235 3770 quidem
250 3690 345 3770 inquit
363 3689 516 3770 «amplius
527 3707 668 3770 propere
678 3688 873 3749 ecclesiarum
891 3686 1048 3748 clementia
1066 3693 1164 3747 vestra
1173 3687 1261 3750 debet

116 3806 181 3849 esse
193 3786 329 3863 sollicita,
344 3805 435 3867 quam
443 3806 499 3868 pro
513 3787 648 3849 omnium
661 3785 821 3848 securitate
832 3793 1000 3858 terrarum3
1014 3802 1069 3863 pro
1084 3792 1185 3847 vestro
1200 3785 1260 3847 im-

115 3884 200 3966 perio
217 3884 330 3963 geritur
343 3884 486 3965 quidquid
500 3903 556 3965 pro
573 3884 673 3965 quiete
688 3883 826 3945 Ecclesia
844 3889 874 3943 et
889 3902 914 3943 s.
931 3883 1080 3962 religionis
1095 3886 1259 3947 reverentia

113 3981 276 4043 laboratur.
289 4004 305 4038 a
314 3983 456 4044 Paremin
462 3982 587 4045 modum
593 3984 782 4060 Majestatem
793 3985 889 4043 Tuam
895 3983 955 4043 Nos
962 3983 1258 4064 alloquimnrtibique

112 4078 401 4157 divinicultusatque
409 4080 547 4142 Ecclesia
556 4080 687 4142 rationes
696 4080 1042 4144 commendamusltum
1050 4081 1257 4143 enimeasdem
1356 4097 1360 4106 ·

111 4172 217 4233 studiis
232 4173 290 4233 tuis
313 4174 553 4253 comploratus
573 4178 677 4257 tuique
699 4179 781 4257 regni
802 4178 968 4240 commodis
990 4187 1019 4237 te
1034 4177 1140 4238 eximie
1155 4177 1257 4256 provi-

111 4286 215 4329 surum
239 4267 455 4332 existimamus.
470 4273 566 4350 Habe,
580 4272 774 4336 carissimam
792 4275 908 4335 Christo
931 4274 971 4334 fili
992 4280 1104 4346 noster,
1125 4272 1187 4333 hac
1206 4274 1256 4335 in-

111 4363 189 4424 dicia
210 4365 365 4444 singularis
388 4374 496 4430 nostre
509 4371 546 4430 de
567 4372 722 4433 excellenti
737 4381 790 4432 tua
811 4365 920 4450 pietate
940 4369 1065 4444 fiducia,
1081 4378 1111 4430 et
1131 4389 1254 4433 summae

110 4461 268 4539 pontificia
279 4462 347 4542 inte
360 4469 449 4542 atque
461 4466 629 4527 universam
642 4468 764 4545 Regiam
778 4470 905 4526 Domum
916 4472 998 4526 tuam
1006 4466 1137 4528 caritatis
1148 4476 1252 4530 cetera

1115 4580 1144 4626 ι]
