3194 5354
325 472 375 524 158
753 467 956 522 cuemeuuts
974 467 1042 520 xlv

322 571 482 648 solvimus,
496 591 531 633 sc
542 573 608 651 J'am
630 571 806 633 inchoatum
825 571 883 632 boc
903 569 1083 632 beneficium
1102 587 1209 645 surum,
1224 569 1311 650 eique
1328 569 1474 632 subnixas

321 689 388 752 spes
408 678 544 747 nostras,
556 676 590 732 ut
602 669 802 730 touunariore
819 669 972 749 complent
984 685 1104 749 semper
1122 685 1158 728 ac
1176 664 1313 747 perlioiat
1325 667 1421 746 exilu,
1436 686 1474 729 eo

322 767 429 830 ardore
440 775 471 830 et
488 768 601 849 precati
623 784 728 828 sumus
749 773 780 828 et
792 767 908 847 precari
930 784 1098 846 numnam
1117 765 1365 842 intermittemus,
1380 784 1474 847 quen

321 867 438 929 animus
459 875 561 929 noster
579 884 687 947 capere
703 867 782 928 intra
801 885 848 943 se,
872 872 903 927 et
922 867 1075 928 continere
1092 867 1260 931 maximnm
1277 874 1385 949 potest.
1402 869 1436 930 ld
1456 890 1473 932 a

320 965 413 1027 Nobis
427 972 458 1026 et
477 964 576 1046 Regiae
597 971 657 1026 tuae
675 967 788 1026 Domus
804 963 971 1045 amplitudo
993 983 1028 1026 ac
1048 964 1193 1044 dignitas,
1213 971 1244 1026 et
1265 971 1392 1031 tuom
1409 969 1473 1031 ue-

319 1080 449 1142 guorum
459 1063 703 1145 populorumque
715 1060 851 1138 felicitas,
866 1071 897 1124 et
911 1063 1004 1144 ipsius
1016 1063 1137 1125 Nobisa
1151 1066 1212 1124 Deo
1226 1063 1397 1127 comudssu
1409 1067 1473 1128 Rc-

319 1161 415 1223 clesire
437 1160 534 1238 ratio,
560 1167 649 1242 atque
669 1159 782 1222 utilitas
801 1160 994 1222 vehementer
1015 1160 1164 1241 exposcit,
1190 1159 1244 1221 sed
1267 1162 1417 1241 mojorem
1439 1162 1472 1224 in

318 1259 622 1324 modumexcrescere
632 1256 1480 1340 hocolliciumnostrumatquesmplilicarisentimusilla

320 1358 457 1420 immensi
480 1357 591 1419 amoris
611 1355 835 1436 magnitudine,
850 1373 912 1436 qua
934 1353 1034 1416 allecti
1058 1374 1128 1434 erga
1142 1361 1173 1416 te
1194 1373 1316 1432 sumus,
1335 1363 1472 1436 qua-tua

320 1457 423 1517 omnia
436 1454 560 1537 perinde
577 1473 613 1515 ac
636 1459 741 1515 nostra
754 1452 992 1532 complectimur,
1007 1471 1127 1533 quaque
1149 1453 1178 1514 in
1199 1461 1227 1513 te
1242 1452 1360 1530 studia,
1380 1461 1468 1530 vota,

317 1573 400 1634 spes,
408 1552 611 1632 jucunditates
621 1596 629 1627 ,
641 1569 676 1611 ac
685 1547 919 1613 necessitudines
929 1556 1048 1612 nostras
1059 1569 1096 1610 ex
1110 1549 1278 1612 certissimo
1295 1549 1396 1612 mimo
1411 1549 1470 1612 de-

317 1659 399 1713 creto
407 1651 526 1729 J'amdiu
537 1647 759 1711 collocavimus.
774 1649 870 1720 Quam
880 1653 1099 1709 nostratecum
1111 1648 1241 1728 pietatis,
1252 1655 1342 1727 atque
1356 1649 1468 1709 amoris

319 1748 561 1826 conjunctionem
579 1762 762 1825 magnopere
778 1743 925 1824 cupimus,
942 1743 1095 1805 carissime
1111 1744 1271 1806 inchristo
1289 1744 1329 1805 lili
1350 1752 1465 1821 noster,

316 1845 375 1906 bac
384 1845 475 1906 etiam
483 1842 559 1905 tanti
569 1841 640 1903 boni
651 1841 877 1922 opportunitate
883 1841 1056 1922 propiorem
1065 1840 1466 1922 quodammodo,multoquo

319 1940 540 2003 adstrictiorem
565 1939 638 2000 lieri.
662 1942 688 2001 Α
713 1947 743 2000 te
768 1940 868 2022 itaque
887 1940 1078 2003 venementer
1098 1939 1247 2020 petimus,
1266 1945 1300 2000 ut
1320 1939 1400 2000 ultro
1423 1939 1465 1999 li-

316 2038 450 2120 bensque
460 2045 560 2116 ratum
570 2035 669 2098 lacere
677 2036 750 2097 velis
759 2032 939 2099 desiderium
952 2036 1027 2114 boc,
1046 2055 1108 2118 quo
1117 2034 1295 2117 flagramus,
1306 2043 1341 2098 ut
1352 2035 1465 2098 scilicet

316 2121 440 2219 Regium
455 2134 614 2211 Infantem,
631 2151 721 2213 quem
739 2134 769 2196 in
781 2135 856 2196 tanti
867 2135 997 2196 nominis
1011 2134 1164 2215 Regniquc
1180 2152 1264 2216 spem
1278 2133 1415 2214 genitum
1429 2134 1465 2195 iri

314 2234 494 2296 confidimus
514 2252 549 2295 ac
570 2236 666 2295 Deum
684 2232 891 2295 ardentissime
913 2251 1070 2313 rogamus,
1093 2233 1123 2293 in
1144 2230 1291 2313 spirituali
1309 2248 1465 2310 regenera-

314 2330 396 2394 tione
408 2350 463 2412 per
477 2332 629 2412 Nosipsos
646 2332 856 2412 suscipiamus,
873 2350 908 2393 ac
921 2331 960 2393 ad
972 2331 1107 2393 Parentis
1123 2331 1274 2405 animum,
1288 2348 1383 2410 quem
1400 2348 1465 2410 ges-

315 2428 374 2488 turi
389 2429 418 2489 in
433 2447 504 2489 eum
518 2447 635 2505 sumus,
655 2429 766 2490 Patrini
779 2430 870 2491 etiam
883 2446 1059 2509 personam,
1073 2446 1109 2490 ac
1125 2446 1237 2492 rnunus
1251 2427 1461 2509 adiungamus.

312 2524 377 2586 Hac
389 2541 467 2586 nora
483 2530 592 2587 nostre
602 2525 816 2587 confirmandae
832 2525 1059 2588 necessitudinis
1068 2525 1184 2588 ratione
1200 2528 1260 2588 Nos
1273 2525 1399 2588 mirifice
1411 2525 1463 2588 lae·

312 2622 456 2699 labimur,
476 2643 493 2684 a
514 2626 635 2705 [leoque
649 2625 715 2704 ipso
732 2623 818 2684 enixe
837 2624 1074 2704 postulabimus,
1094 2632 1128 2686 ut
1146 2625 1275 2687 eandem
1293 2624 1342 2686 ille
1359 2625 1464 2708 auspi·-

311 2725 412 2780 catam
426 2738 491 2782 esse
506 2721 588 2796 velit,
601 2738 719 2801 suaque
734 2720 763 2781 in
776 2727 823 2797 te,
835 2727 964 2800 tuosque
982 2723 1104 2784 Liberos
1116 2722 1309 2801 benignitatis
1324 2730 1463 2785 coustan-

311 2816 391 2878 tibus
403 2836 439 2878 ac
447 2817 600 2898 perpetuis
612 2817 728 2879 indiciis
739 2818 928 2899 comprobet.
944 2821 1020 2880 Eam
1037 2820 1207 2882 uberiorem
1221 2819 1320 2881 adbuc
1331 2820 1396 2883 lieri
1407 2839 1462 2902 prr

310 2915 507 2995 apostolicam
524 2914 763 2978 benedictionem
773 2917 923 2997 cupimus,
941 2935 1034 2996 quam
1044 2917 1204 2981 catholice
1216 2917 1365 2996 Maiestati
1376 2920 1460 2993 lire,

311 3011 410 3092 Regiis
425 3012 557 3088 Liberis,
576 3013 777 3095 universeque
797 3013 959 3075 carissimae
980 3015 1066 3076 nobis
1088 3015 1195 3076 Domui
1216 3015 1324 3082 intimo
1341 3016 1460 3096 paterni

311 3107 403 3169 animi
421 3127 509 3170 seusu
535 3111 739 3173 amantissime
762 3110 964 3191 impertimur.
986 3114 1095 3172 Datum
1111 3115 1222 3182 Romo,
1245 3115 1296 3174 dte
1318 3125 1355 3176 ao
1372 3117 1461 3192 jusit

312 3215 397 3281 1771,
409 3210 602 3285 pontificatus
615 3215 711 3269 nostri
727 3227 806 3268 anno
816 3213 917 3269 tertio.

807 3438 946 3509 exsut
1011 3399 1013 3407 ’

715 3594 903 3640 VENEllsslLl
927 3597 1039 3641 rutum

424 3697 593 3759 ANTONIO
614 3699 786 3760 EUGENIO
807 3703 1110 3766 ARCHIEPISCOPO
1130 3707 1333 3780 erassum,

346 3821 520 3871 onuruaaro
535 3825 655 3874 rosano
674 3827 713 3874 m
729 3827 932 3877 arosromce
948 3829 1036 3878 sanis
1055 3832 1085 3879 m
1101 3832 1264 3883 amulum
1277 3832 1413 3897 numm,

612 3933 844 4013 CLEMENS
874 3938 1003 4017 Para
1032 3940 1137 4018 XIV.

1057 4093 1154 4150 nona,
1170 4098 1199 4141 aa
1214 4067 1274 4152 jum
1289 4092 1355 4143 tarr.

345 4188 545 4260 Venerabilis,
566 4197 625 4250 etc.
636 4190 879 4254 Transmittimus
895 4192 1154 4269 tibi,Vcnerabilis
1168 4194 1281 4271 Frater,
1294 4195 1453 4274 Apostoli-

301 4303 354 4345 cas
369 4286 506 4349 informa
520 4287 620 4349 brevis
634 4288 750 4351 litteras
766 4298 903 4368 nostras,
922 4310 997 4373 quas
1016 4291 1187 4370 singulatim
1202 4292 1241 4354 ad
1258 4291 1452 4355 Venerabiles

302 4381 419 4442 Fratres
435 4385 612 4465 Episcopos,
633 4406 719 4448 suam
734 4388 940 4471 Episcopalcm
960 4391 1061 4451 sedem
1077 4408 1110 4450 ac
1131 4390 1282 4453 diaecesim
1300 4393 1450 4454 constitu-

301 4487 363 4540 tam
373 4479 552 4543 lrabrnlrsin
564 4484 687 4544 iisoxlra
695 4485 902 4557 ltaliamlocis‚
910 4487 960 4566 quai
970 4489 1446 4568 Austrirequeditionisubjacenl3
