3194 5354
487 519 676 574 EPlS'l'OLAE
695 518 740 579 ΕΤ
758 522 893 577 naevia
913 524 1153 583 SELECTIORA.
1344 543 1394 592 139

245 626 343 686 cimnr
356 624 436 702 lore,
449 631 483 686 nt
495 624 668 702 huiusmodi
685 628 942 709 concessionibus,
953 633 1149 698 acbeneliciis
1161 647 1271 718 ergata
1283 645 1395 705 nostris

245 722 370 783 mirifice
383 721 519 799 ejusdem
528 722 640 784 ordinis
652 723 853 804 incrementa,
874 745 910 788 ac
921 728 1072 808 splendori
1080 734 1252 797 consultum
1264 756 1317 816 per
1332 740 1394 802 Nos

244 818 292 879 sit.
314 819 444 880 Dubium
458 817 538 880 euim
557 818 650 881 Nobis
669 837 814 884 essenon
833 830 951 904 potest,
968 826 1042 906 quin
1058 845 1143 889 nove
1162 829 1217 892 illa
1234 832 1313 912 leges
1332 855 1394 898 non

244 921 308 976 tam
319 915 487 992 severitate,
500 923 591 995 atque
604 915 747 996 imperio,
762 936 854 999 qnam
866 921 1030 1001 auadmte,
1044 929 1135 1004 atque
1145 929 1283 1010 exemplo
1297 939 1350 994 tuo
1363 934 1393 995 in

242 1014 504 1091 consuetudinem,
526 1033 562 1075 ac
573 1033 673 1077 mores
684 1016 726 1079 ita
741 1018 910 1082 transiturae
927 1020 1002 1098 sint,
1019 1021 1115 1084 utilia
1130 1023 1319 1103 potissimum
1338 1048 1393 1090 or-

242 1110 344 1171 dinata
361 1118 517 1191 tamquam
533 1118 701 1173 castrorum
719 1111 798 1176 acies
816 1113 1010 1177 sanctissime
1029 1116 1207 1198 discipline,
1226 1139 1262 1182 ac
1276 1121 1392 1185 virtutis

241 1210 398 1288 decorem,
411 1218 502 1290 atque
511 1209 647 1272 ordinem
659 1210 736 1273 tueri
746 1210 832 1272 facile
842 1230 971 1292 semper,
983 1231 1019 1274 ac
1031 1214 1158 1276 retinere
1169 1216 1274 1296 possit.
1287 1218 1320 1279 ld
1330 1221 1391 1282 Nos

240 1311 361 1392 quidem
377 1311 572 1374 vehementer
584 1310 743 1392 cupimus,
763 1328 799 1372 ac
815 1310 927 1373 idcirco
938 1303 1043 1374 nostr'a
1055 1314 1234 1377 auctoritate
1246 1336 1281 1379 ac
1292 1318 1323 1378 in
1337 1339 1391 1382 vos

239 1411 335 1490 gratia
344 1411 416 1473 illud
429 1410 595 1473 efficiemus
602 1454 611 1487 ,
622 1416 656 1470 ut
670 1409 753 1471 nulla
765 1415 829 1470 tam
837 1409 978 1489 egregiis,
991 1428 1028 1472 ac
1041 1410 1093 1472 liei
1103 1411 1230 1490 gloriam
1240 1416 1391 1479 conversis

240 1508 390 1590 incaeptis,
405 1507 574 1570 etconsiliis
589 1505 695 1568 vestris
710 1525 728 1568 a
746 1505 838 1567 Nobis
856 1505 992 1587 prasidio
1003 1505 1250 1589 deesseuuquam
1261 1511 1387 1590 possint.

239 1610 298 1671 Nos
309 1628 381 1671 vero
394 1609 522 1670 invicem
534 1623 596 1668 non
610 1604 779 1682 mediocre,
794 1620 892 1683 neque
911 1603 1116 1666 intermissum
1132 1613 1208 1684 ate,
1224 1608 1343 1689 tuisque
1359 1611 1389 1670 in

237 1709 353 1771 Christo
371 1708 525 1771 sororibus
539 1702 733 1767 imbecillitati
748 1707 858 1763 nostre
873 1700 1041 1762 subsidium
1056 1700 1215 1766 habituros
1232 1723 1389 1785 speramus

237 1806 267 1866 in
279 1806 405 1867 assiduis
417 1801 690 1877 obsecrationibus,
705 1799 841 1880 votisque
850 1797 889 1859 ad
902 1801 999 1861 Deum
1009 1818 1066 1880 pro
1074 1801 1167 1863 Nobis
1174 1847 1183 1879 ,
1194 1822 1310 1884 proque
1323 1806 1388 1866 nni-

236 1919 320 1963 versa
333 1900 466 1962 Ecclesia
478 1898 640 1974 iaciendis3
655 1895 737 1978 qnod
747 1896 818 1973 tibi,
833 1895 945 1958 dilecta
954 1897 984 1958 iu
994 1898 1111 1961 Christo
1125 1899 1187 1963 iilia
1200 1902 1314 1964 Nobilis
1323 1905 1387 1967 blu-
1448 1928 1452 1934 ·

235 2000 300 2077 liar,
312 2019 368 2080 pro
378 2017 430 2076 ea,
445 2018 507 2079 qua
523 1998 596 2058 inte
616 2014 720 2058 sumus
736 1994 866 2070 eximiae,
881 2013 917 2055 ac
935 1994 1092 2074 singularis
1107 2004 1240 2077 paterne
1252 2000 1387 2062 caritatis

235 2095 442 2176 magnitudine
453 2095 564 2172 etiam,
580 2100 672 2173 alque
685 2093 794 2167 etiam,
813 2097 847 2153 nt
861 2109 981 2153 summo
995 2092 1086 2154 animi
1099 2095 1217 2173 studio,
1231 2103 1321 2177 atque
1334 2117 1386 2158 ar-

234 2194 307 2254 dore
322 2213 467 2274 peragas,
487 2192 748 2255 commandamus.
769 2192 868 2270 Atque
881 2189 960 2251 hanc
979 2189 1137 2252 caritatem
1150 2191 1180 2252 in
1201 2198 1231 2253 te
1251 2201 1383 2256 nostram

233 2310 272 2350 eo
290 2308 371 2351 nnnc
382 2292 513 2352 maxime
524 2287 625 2350 officio
638 2287 852 2350 declarandam
866 2287 1022 2365 ducimus,
1035 2294 1069 2349 nt
1085 2288 1137 2350 tibi
1153 2288 1226 2353 illud
1236 2292 1384 2374 precipue

233 2393 303 2448 ante
320 2389 424 2460 oculos
435 2404 553 2469 semper
568 2386 757 2468 propositum
770 2404 836 2447 esse
846 2386 1022 2466 cupiamus,
1037 2405 1160 2449 omnem
1172 2388 1333 2468 virtutem,
1348 2411 1384 2454 ac

232 2485 420 2547 sanctitatem
432 2488 493 2546 Deo
510 2482 568 2566 ipsi
586 2487 742 2564 acceptam
756 2501 821 2544 esse
839 2482 1043 2562 referendam,
1065 2485 1231 2564 tequidem
1245 2488 1384 2553 humane

233 2581 415 2644 infirmitatis
428 2584 581 2644 consciam
594 2600 665 2643 cnm
678 2566 804 2655 timore,
822 2598 858 2640 ac
873 2587 1003 2642 tremore
1017 2581 1145 2644 salutem
1157 2589 1242 2646 tuam
1262 2589 1382 2666 operari

231 2679 357 2756 debere,
372 2681 445 2742 nibil
460 2688 518 2742 tue
529 2699 595 2742 asse
614 2678 731 2741 virtutis
749 2697 785 2740 ac
799 2676 897 2739 landis
910 2696 1088 2757 agnoscere,
1102 2687 1382 2766 quantumcumque
1409 2679 1411 2685 ⁴

230 2775 260 2836 in
271 2777 319 2837 via
332 2779 450 2839 Domini
467 2778 628 2858 proiecisse
647 2784 678 2838 te
690 2777 815 2853 videris,
829 2776 903 2838 nihil
913 2776 972 2838 tuis
988 2777 1122 2854 viribus,
1138 2778 1255 2860 tuisque
1266 2782 1381 2844 meritis

229 2889 386 2950 arrogare,
402 2873 455 2933 sed
469 2873 499 2933 in
512 2892 582 2934 eum
596 2871 807 2933 tantummodo
825 2871 995 2949 ccnlidere,
1012 2873 1078 2950 ejus
1096 2892 1187 2954 opem
1201 2876 1379 2955 implorare,

227 2970 292 3045 cjns
309 2969 386 3045 tide,
407 2988 442 3029 ac
459 2969 597 3048 praesidio
608 2968 680 3043 niti,
695 2967 737 3027 illi
748 2967 906 3042 virtutem,
921 2967 962 3027 illi
983 2967 1193 3045 sanctitatem,
1209 2971 1250 3030 illi
1264 2973 1380 3049 gratia-

227 3082 296 3124 rum
310 3063 429 3138 landes,
442 3063 483 3123 illi
498 3062 625 3142 gloriam
636 3078 759 3122 omnem
774 3060 916 3123 tribuere.
930 3062 999 3120 flac
1018 3061 1190 3124 Christianae
1203 3064 1380 3131 humilitatis

226 3160 341 3240 species
349 3160 459 3221 mirum
469 3160 498 3221 iu
509 3158 636 3220 modum
647 3157 822 3220 animatae
831 3155 1036 3235 securitatem,
1047 3165 1079 3219 et
1088 3158 1118 3220 iu
1128 3159 1186 3222 hae
1195 3161 1286 3224 etiam
1299 3182 1379 3228 rnor-

226 3258 279 3319 tali
289 3258 351 3318 vita
360 3276 474 3333 veram,
487 3274 523 3318 ac
534 3254 661 3318 solidam
670 3252 894 3334 jucunditatem
903 3253 1070 3316 certissima
1079 3254 1314 3322 immortalitatis
1325 3280 1378 3343 spo

224 3354 418 3416 sustentabit.
434 3356 471 3415 Et
485 3354 509 3415 si
523 3352 647 3434 quando
663 3351 889 3413 subtractahec
903 3351 970 3431 ipsa
979 3349 1069 3414 tuerit
1086 3353 1193 3416 anime
1202 3361 1261 3418 tue
1268 3358 1377 3435 jncun-

224 3450 317 3527 ditas,
332 3449 415 3530 qnod
428 3450 492 3511 lieri
508 3448 661 3512 interdum
677 3451 738 3510 Deo
747 3448 865 3510 volente
878 3449 972 3523 solet,
985 3453 1076 3529 atque
1087 3448 1145 3512 bae
1159 3451 1251 3514 etiam
1260 3454 1377 3518 ratione

224 3565 325 3608 servos
345 3563 416 3608 suos
430 3554 576 3626 tanquam
590 3563 698 3607 aurum
711 3563 765 3626 per
779 3545 879 3625 iguem
892 3544 1057 3626 probante,
1082 3547 1252 3611 ariditatem
1272 3558 1374 3614 tamen

224 3643 360 3722 spiritus,
372 3651 404 3705 et
416 3642 570 3723 quandam
579 3642 751 3723 hujusmodi
763 3642 978 3706 desolationem
989 3662 1025 3706 ea
1036 3644 1102 3725 ipsa
1112 3644 1281 3708 humilitate
1294 3649 1376 3710 sola-

224 3739 318 3815 beris,
333 3748 422 3821 taque
439 3739 589 3821 patientiae
600 3740 645 3817 vi,
665 3738 803 3801 acanimi
815 3738 991 3802 tortitudine
1006 3740 1049 3802 ita
1068 3740 1263 3821 obfirmabis,
1281 3743 1374 3806 utdi-

223 3835 298 3896 vine
311 3837 455 3898 voluntati
478 3844 563 3899 tanto
577 3838 765 3899 constantius
782 3837 977 3915 inherescas,
1001 3846 1114 3919 quanto
1137 3839 1232 3920 magis
1254 3841 1374 3904 coeleste

222 3930 363 3993 solatium
386 3933 586 4014 interceptum
603 3933 657 3995 tibi
677 3952 743 3995 esse
761 3934 881 3996 senties.
902 3937 1029 3997 [lemma
1052 3936 1223 4000 uberiorem
1241 3958 1371 4020 semper,

222 4050 257 4090 ac
267 4048 376 4092 novam
386 4033 512 4094 caelestis
520 4032 623 4113 gratie
632 4032 834 4095 accessionem
843 4032 924 4095 tibia
936 4034 1054 4097 Christo
1063 4035 1190 4098 Domino
1201 4043 1369 4116 precantes,

222 4127 419 4205 apostolicam
430 4128 667 4193 benedictionem
680 4131 834 4192 Nobilitati
847 4134 929 4209 l'uae,
939 4132 1042 4214 eisque
1058 4135 1198 4194 omnibus
1210 4132 1326 4195 dilectis
1340 4134 1370 4195 in

221 4222 336 4286 Claristo
352 4224 489 4303 iiliabns,
507 4245 573 4306 quae
588 4234 689 4291 tecum
703 4248 764 4290 una
782 4236 868 4308 sunt,
884 4238 1028 4312 tanquam
1050 4229 1213 4311 prudentes
1235 4229 1370 4310 Virgines

221 4318 337 4381 Christo
348 4339 460 4401 sponso
470 4324 597 4386 venienti
610 4325 731 4386 obviam
744 4325 877 4403 exiturae,
889 4333 1080 4407 peramanter
1096 4325 1298 4405 impertimur.
1310 4330 1369 4389 Dc-

220 4425 285 4478 lam
306 4419 417 4490 Rome,
430 4427 500 4492 etc,
516 4423 565 4483 die
580 4434 597 4482 a
611 4421 762 4500 febroarii
782 4435 868 4493 1771,
888 4428 1080 4502 pontificatus
1104 4428 1200 4485 nostri
1221 4427 1302 4500 uano
1319 4445 1368 4486 se-

219 4515 328 4576 eunde.
