3194 5354
476 467 656 520 EPlSTOLAE
676 467 720 520 ET
739 467 869 520 BREVlA
889 469 1123 524 SELECTlORA.
1324 472 1376 522 ¹⁵7

226 574 263 632 o.
280 574 320 633 M.
333 572 517 633 immortales
528 573 641 651 gratias
652 572 823 649 reddimus,
833 574 915 654 quod
927 574 1122 637 Pontificatus
1132 576 1224 638 nostri
1240 582 1377 656 tempora

227 669 287 730 boc
309 668 481 730 felicissimo
501 686 538 729 ae
560 668 748 748 optatissimo
770 671 909 733 Ecclesiae
931 690 1074 734 successu
1092 675 1292 736 exornaverit.
1318 675 1376 736 Sed

228 767 356 828 eundem
375 765 482 827 latitia
498 770 625 842 nostrae,
642 785 678 827 ac
690 766 908 846 praeclarissimi
921 768 1020 848 operis
1029 775 1184 830 auctorem
1193 769 1311 832 assidue
1322 769 1376 831 de·

227 864 430 942 precabimur,
444 871 478 924 nt
491 864 574 945 quod
589 865 697 944 coepit,
714 865 777 945 ipse
793 864 944 944 perficiat,
961 883 996 926 ac
1008 865 1128 927 firmam
1141 873 1171 927 et
1188 873 1376 928 constantem

228 960 318 1023 iaciat
329 962 486 1022 Pastorum
497 969 529 1021 et
542 961 726 1040 Papularum
738 961 895 1023 nobiscum
909 962 940 1023 in
954 961 1024 1023 fidei
1040 969 1071 1024 et
1081 963 1250 1025 concordia
1263 964 1376 1025 unitate

229 1056 467 1118 consensionem.
476 1057 539 1117 Vos
545 1075 628 1136 aque
638 1057 807 1135 conjunctis
816 1058 981 1119 Nobiscum
992 1059 1099 1121 studiis
1106 1067 1241 1123 nostram
1251 1080 1375 1141 operam

228 1153 422 1231 adjuvaturos
435 1151 631 1228 confidimus,
646 1153 841 1215 venerabiles
853 1155 982 1230 Fratres,
999 1162 1033 1216 ut
1047 1174 1138 1236 quem
1152 1175 1188 1217 ex
1202 1157 1375 1236 hujusmodi

223 1249 333 1311 diviuae
345 1247 447 1328 gloriae
460 1248 645 1311 incremento
654 1267 848 1312 communem
859 1253 975 1332 capturi
989 1271 1094 1315 sumus
1108 1253 1217 1315 laetitite
1230 1253 1373 1332 fructum,

226 1347 355 1410 eundem
367 1347 473 1408 vestris
485 1347 576 1408 etiam
588 1346 626 1408 ad
637 1350 734 1408 Qum
747 1347 1005 1410 obsecrationibus
1019 1349 1194 1411 reseramus.

733 1595 857 1664 extu.

486 1753 653 1796 mrrssruo
676 1753 709 1794 ru
734 1750 871 1795 cunrsro
893 1753 981 1795 rrnro
1006 1754 1125 1797 uosrao

385 1859 537 1918 CAROLO
564 1858 835 1919 HISPANIARUM
864 1859 958 1918 unul
985 1860 1214 1933 CATHOLICO,

470 1987 474 1994 '
536 1980 769 2060 CLEMENS
797 1984 923 2060 PAPA
952 1983 1059 2060 XIV.

1014 2133 1109 2191 Romae,
1126 2138 1155 2182 ²0
1167 2132 1229 2193 junii
1243 2136 1312 2182 1771.

267 2238 506 2307 Carissimum.
521 2234 597 2296 lllud
614 2234 707 2296 Nobis
719 2235 850 2296 maxime
864 2252 981 2314 semper
995 2235 1026 2295 in
1046 2235 1124 2296 votis
1138 2243 1202 2296 erat
1214 2254 1269 2317 pro
1288 2234 1375 2297 miri-

226 2336 284 2395 lica
307 2354 342 2395 ac
363 2334 520 2413 singulari,
537 2353 597 2415 qua
611 2351 682 2412 erga
704 2333 892 2410 Maiestatem
912 2335 1025 2408 Tuam,
1050 2351 1231 2412 omnemque
1251 2333 1374 2413 Regiam

225 2434 354 2492 Domum
373 2449 478 2493 sumus
488 2438 615 2511 paterna
629 2436 732 2492 nostra
746 2431 887 2506 caritate,
906 2439 996 2510 atque
1016 2431 1089 2492 illud
1103 2430 1269 2510 presertim
1282 2448 1300 2492 a
1313 2432 1375 2491 Deo

224 2531 259 2589 0.
281 2532 322 2590 Μ.
342 2530 458 2591 assidue
473 2529 682 2608 precabamur,
697 2535 731 2589 ut
752 2527 978 2589 adilectissimo
1000 2529 1028 2588 in
1049 2528 1166 2590 Christo
1188 2528 1251 2590 filio
1270 2537 1374 2591 nostro

225 2629 330 2689 Garolo
352 2627 488 2708 Principe
502 2627 694 2688 Asturiarum
712 2632 766 2686 tuo
786 2644 840 2706 per
862 2644 984 2688 carnem
1000 2625 1062 2687 tilio
1083 2626 1233 2706 procreari
1250 2627 1374 2688 tandem
1419 2687 1421 2691 ,

226 2726 332 2787 liberos
349 2726 378 2785 in
395 2732 510 2787 tantam
529 2722 784 2804 amplissimorum
804 2725 976 2802 Regnorum
989 2722 1210 2802 haereditatem,
1224 2743 1260 2786 ao
1274 2726 1375 2786 maxi-

225 2842 305 2884 mam
321 2823 432 2902 publici
454 2822 524 2883 boni
539 2840 624 2900 spem
638 2826 668 2881 et
679 2819 833 2881 fortunam
847 2820 1026 2896 videremus,
1038 2827 1069 2880 el
1089 2822 1242 2881 communi
1261 2821 1373 2883 ideirco

224 2929 325 2980 tecum
355 2936 475 2979 summo
506 2917 676 2995 eximioque
703 2915 814 2993 gaudio
851 2916 1030 2976 laetaremur.
1066 2915 1141 2975 lllud
1174 2916 1273 2995 ipsum
1303 2936 1374 2979 cunr

224 3017 272 3074 dic
298 3028 332 3075 ts
355 3014 456 3094 aprilis
479 3013 518 3072 ad
539 3012 668 3073 eundem
684 3011 911 3072 dilectissimum
933 3013 963 3072 in
982 3013 1098 3073 Christo
1121 3014 1216 3073 lilium
1236 3021 1374 3074 nostrum

225 3115 325 3174 literas
344 3111 500 3185 daremus,
522 3109 632 3188 quibus
651 3110 793 3188 exiguum
812 3126 884 3170 sane
906 3110 957 3171 sed
971 3110 1054 3189 pium
1074 3111 1171 3170 Beata
1191 3109 1290 3171 Mariae
1305 3111 1375 3170 Vir-

224 3210 302 3289 ginis
313 3207 453 3286 lmaginis
473 3224 583 3267 munus
595 3205 634 3267 ad
649 3223 720 3265 enm
733 3206 942 3268 transmissum
956 3207 1224 3287 prosequebamur,
1245 3228 1263 3269 a
1281 3210 1373 3271 Nobis

221 3308 414 3388 potissimum
433 3305 532 3385 optari
557 3310 646 3386 atque
671 3304 749 3365 orari
767 3303 1022 3384 significaremus,
1048 3305 1258 3387 expectarique
1280 3326 1372 3387 quam

222 3405 366 3486 primum,
378 3410 412 3463 ut
426 3402 611 3463 immortales
620 3408 781 3482 propterea
792 3405 855 3465 Deo
868 3404 923 3485 ipsi
936 3405 1048 3484 gratias
1062 3404 1173 3467 referre
1183 3404 1371 3467 deberemus.

223 3503 346 3564 Utinam
357 3520 449 3577 nunc,
460 3500 613 3562 carissime
628 3501 658 3560 in
668 3500 786 3561 Christo
799 3499 839 3562 fni
850 3509 965 3579 noster,
979 3502 1096 3582 assequi
1104 3502 1371 3582 verbispossimus,

222 3607 335 3680 quanta
347 3600 489 3661 exuberet
498 3597 600 3658 letitia
614 3604 756 3678 paternus
768 3598 886 3660 animus
898 3606 1011 3677 noster,
1023 3619 1060 3660 ex
1073 3618 1134 3680 quo
1145 3599 1268 3660 reddita
1282 3600 1374 3662 Nobis

223 3706 293 3759 sunt
306 3706 364 3760 tna
383 3697 490 3759 littera
510 3695 771 3776 exoptatissimum
790 3695 950 3758 afferentes
970 3696 1126 3772 nuncium,
1146 3697 1372 3759 dilectissimam

224 3795 366 3856 nimirum
389 3796 419 3857 in
441 3793 558 3856 Christo
579 3793 672 3854 filium
690 3800 828 3866 nostram
852 3794 1007 3876 Aloysiam
1033 3794 1160 3856 Mariam
1183 3795 1372 3856 llstnriarum
1442 3792 1444 3797 ’

224 3892 434 3973 Principissam
449 3911 559 3954 nurum
568 3896 651 3953 tuam
665 3890 770 3971 quinto
784 3892 849 3969 jam
863 3910 966 3954 mense
977 3899 1180 3973 praegnantem
1195 3911 1273 3969 esse,
1288 3895 1372 3954 exci-

224 3997 380 4070 tantesque
401 3992 462 4051 Nos
477 3989 515 4050 ad
539 3988 669 4069 agendas
691 3988 800 4049 divinae
819 3987 995 4067 benignitati
1007 3989 1136 4069 gratias,
1160 3988 1249 4050 acad
1269 3997 1372 4052 nostra

223 4106 278 4167 pro
301 4086 399 4148 lausto
420 4086 557 4167 felicique
583 4094 671 4167 partu
698 4093 768 4148 vota
791 4087 984 4148 cumulanda.
1012 4086 1187 4148 Incredibile
1211 4104 1282 4146 sane
1307 4095 1370 4164 est,

223 4192 371 4262 quantum
392 4184 563 4262 hujusmodi
578 4169 694 4261 olli'cio,
706 4191 818 4265 tuaque
839 4183 921 4245 filiali
939 4182 977 4244 de
991 4184 1082 4244 Nobis
1104 4181 1215 4243 fiducia
1233 4180 1369 4244 delectati

225 4297 341 4360 sumus,
356 4289 545 4362 qrrantosque
559 4284 696 4345 stimulos
708 4282 739 4344 id
752 4283 850 4363 ipsum
863 4281 1112 4343 contendentibus
1125 4278 1218 4339 Nobis
1230 4279 1371 4362 omnique

224 4379 294 4439 illue
315 4380 414 4441 studio
434 4381 662 4461 properantibus
683 4379 834 4441 addidisti.
860 4379 967 4439 Statim
991 4396 1097 4438 manus
1120 4395 1156 4436 ac
1180 4384 1312 4439 mentem
1339 4380 1369 4441 in

223 4477 332 4538 crtum
351 4477 530 4555 extulimus,
550 4485 736 4558 quantasque
755 4476 908 4558 potuimus
924 4479 985 4538 Deo
999 4474 1163 4554 gratiarum
1180 4474 1282 4538 laudes
1298 4495 1371 4562 perf
