3194 5354
469 476 650 566 rrrsrour:
668 510 712 563 er
732 507 865 562 annun
884 505 1115 562 smccrronu.
1347 509 1365 559 o

765 659 821 728 lX.

676 822 809 866 uluucro
831 821 916 865 nuo

557 940 761 1011 onnomnn,
784 937 1031 999 consulundo

467 1070 572 1126 trouu
597 1069 630 1116 ru
653 1065 752 1117 sacru
776 1063 959 1114 runouocra
983 1062 1121 1112 oocronr

535 1178 770 1259 CLEMENS
797 1179 923 1254 ΡΑΡΑ
951 1175 1058 1253 XIV.

1025 1335 1121 1392 llomoe,
1132 1336 1147 1381 5
1154 1328 1207 1393 iulii
1223 1335 1290 1381 1769.

262 1444 378 1503 Dilecta
389 1444 444 1521 fili
461 1440 602 1513 salutem,
612 1449 668 1505 etc.
685 1445 751 1504 Tua
763 1441 931 1523 gratulandi
944 1439 1044 1503 officia
1054 1440 1095 1501 ob
1107 1438 1292 1520 poptificiam
1304 1440 1368 1500 No-

225 1541 271 1601 bis
291 1539 422 1602 delatam
436 1540 611 1620 dIgnitatern
630 1559 666 1602 eo
677 1539 859 1619 jucundiora
869 1538 1010 1613 luerunt,
1026 1535 1109 1617 quod
1122 1541 1209 1597 tuum
1222 1553 1294 1615 erga
1307 1536 1368 1596 Nos

223 1658 259 1700 ac
289 1643 424 1700 sanctam
444 1639 522 1699 bano
545 1637 741 1719 apostolicam
764 1636 866 1698 sedem
886 1633 1065 1714 obsequium
1088 1651 1125 1694 ac
1148 1632 1368 1694 observantiam

223 1735 321 1798 missis
334 1737 427 1798 etiam
440 1735 479 1797 ad
492 1754 547 1797 nos
559 1734 642 1797 libris
657 1753 713 1815 pro
733 1732 845 1795 tuenda
857 1732 1000 1812 reilgione
1014 1750 1032 1792 a
1045 1738 1076 1792 te
1089 1730 1267 1811 conscriptis
1280 1748 1368 1791 com-

224 1834 369 1913 probasti.
387 1837 449 1896 Has
461 1841 524 1896 tam
537 1834 703 1896 luculentas
714 1839 779 1896 tum
791 1831 860 1894 lidei
872 1851 908 1893 ao
920 1830 1041 1912 pietatis
1050 1835 1110 1892 tua
1123 1828 1366 1908 significationes,

223 1939 289 1992 tum
304 1931 448 1994 doctrinae
460 1933 569 1997 indieIa
582 1933 762 2015 perlibenter
775 1950 847 1995 sane
859 1930 1050 2011 excepimus,
1068 1947 1104 1990 ac
1121 1945 1302 2007 magnopere
1313 1927 1368 1988 la-

223 2034 323 2088 tamur
339 2027 395 2089 bos
409 2034 465 2090 ate
476 2034 506 2090 et
522 2029 560 2090 ad
572 2029 732 2111 lmpiorum
746 2028 932 2109 repellendos
944 2027 1074 2108 impetus
1085 2031 1148 2087 tarn
1162 2031 1366 2106 opportunos,

221 2131 253 2184 ot
267 2124 305 2185 ad
316 2124 449 2187 fidelium
462 2127 698 2189 Incolumitatem
715 2135 777 2190 tam
788 2128 874 2189 utiles
884 2132 1040 2206 susceptos
1051 2143 1115 2186 osse
1125 2123 1254 2209 labores,
1265 2130 1366 2202 teque,

222 2221 329 2282 dilecte
349 2221 391 2282 fili
416 2223 606 2287 vehementer
632 2225 801 2303 hortamur,
829 2233 975 2306 utquam
995 2225 1063 2285 inde
1088 2228 1308 2301 oonsequutum
1337 2229 1367 2280 te

221 2326 365 2401 putamus
376 2321 514 2400 laudem,
529 2341 590 2384 non
607 2329 641 2384 ut
654 2323 754 2403 operis
767 2342 804 2384 ac
824 2321 992 2402 vigiliarum
1006 2318 1192 2395 mercedem,
1207 2317 1261 2379 sed
1274 2324 1307 2378 ut
1320 2317 1369 2377 in-

224 2417 420 2480 citamentum
434 2419 536 2500 potius
555 2419 593 2482 ad
604 2439 697 2482 noros
708 2419 880 2499 hujusmodi
892 2417 1064 2480 subeundos
1071 2417 1193 2478 labores
1204 2415 1365 2491 existimer,

221 2516 317 2595 deque
327 2515 436 2594 Nobis,
451 2536 487 2579 ao
500 2517 649 2580 catholica
659 2518 793 2580 Ecclesia
806 2517 989 2581 benemereri
1002 2535 1124 2598 pergas,
1136 2522 1168 2578 et
1178 2533 1271 2596 quam
1282 2533 1369 2575 rece-

222 2612 290 2692 pisti
310 2631 328 2674 a
349 2613 476 2676 Domino
493 2613 601 2694 ingenii
618 2615 808 2694 facultatem,
820 2634 888 2678 eam
905 2615 943 2677 ad
957 2614 1036 2678 illius
1047 2613 1167 2676 laudem
1181 2619 1211 2674 et
1223 2611 1368 2673 bonorem

224 2710 437 2773 vindicandum
451 2710 594 2773 adbibere
612 2729 767 2793 nunquam
781 2712 974 2775 intermittas.
990 2713 1050 2773 Nos
1069 2710 1181 2774 idcireo
1197 2708 1368 2788 gratissimo

222 2826 293 2886 erga
304 2807 342 2868 de
351 2826 470 2889 semper
482 2809 583 2870 anImo
595 2809 712 2872 luturos
722 2810 910 2892 profitemur,
922 2827 979 2871 nec
987 2808 1019 2871 in
1028 2807 1120 2869 Nobis
1132 2806 1251 2867 minora
1259 2823 1370 2886 exper-
1466 2859 1470 2866 .

221 2912 323 2964 turum
338 2910 368 2964 te
383 2903 498 2982 studia,
513 2923 606 2985 quam
622 2906 772 2968 sallem.
788 2905 948 2967 Clementis
963 2905 1041 2964 XIII.
1055 2902 1284 2964 Praedecessoris
1302 2919 1369 2962 nos

223 2999 261 3058 tri
279 2999 415 3060 luissent.
431 3003 465 3060 ln
480 3002 566 3078 cuius
582 3020 653 3081 erga
666 3008 697 3063 te
708 3002 869 3082 pontificiae
882 3000 1015 3061 caritatis
1026 3003 1235 3078 argumentum
1250 3002 1369 3076 aposto-

223 3095 314 3156 licam
325 3095 564 3160 benedictionem
573 3096 763 3173 tibi,dilecte
772 3096 1028 3176 lili,peramenter
1036 3093 1235 3174 impertImur.
1252 3093 1367 3154 Datum
1483 3149 1485 3153 .

222 3195 335 3270 Romo,
349 3195 400 3255 dte
414 3205 431 3254 5
443 3195 520 3272 julil
540 3204 628 3270 aron,
642 3196 834 3275 pontificata
849 3195 946 3258 nostri
963 3207 1043 3252 uano
1058 3195 1167 3277 primo.

775 3409 816 3478 X.

563 3571 694 3615 nrcncro
718 3573 803 3616 rimo
826 3575 935 3617 norror
957 3575 1029 3617 vrno

441 3687 647 3748 AUGUSTO
680 3688 931 3752 MARCHIONI
958 3690 1147 3752 BADIINSI

530 3809 764 3890 CLEMENS
792 3815 920 3892 PAPA
948 3815 1054 3891 XIV.

970 3962 974 3969 ’
1024 3976 1206 4040 romanulo
1220 3981 1286 4026 neu

264 4084 381 4145 Dilecta
393 4086 447 4160 fili
466 4085 576 4145 nobilis
594 4091 638 4149 rr'r
656 4089 802 4159 salutem,
817 4094 874 4149 etc.
903 4084 989 4160 Quod
1009 4086 1040 4147 in
1057 4091 1141 4148 tanta
1160 4083 1296 4146 omnium
1314 4102 1368 4146 ec-

224 4179 381 4242 clesiarmn
395 4181 593 4244 sollicitudine
605 4183 790 4249 inscrutabili
801 4184 852 4246 Dei
866 4183 980 4263 judicio
993 4183 1086 4245 Nobis
1099 4180 1238 4262 Imposita
1252 4186 1367 4245 tantam

224 4277 390 4351 gratulandi
405 4279 524 4360 copiam
535 4279 666 4342 Invenire
680 4281 824 4361 potueris,
840 4287 925 4343 tuum
937 4279 1009 4342 lacit
1019 4297 1089 4358 ergo
1102 4279 1162 4338 Nos
1178 4283 1267 4358 atquo
1281 4297 1368 4359 apos

225 4370 345 4452 tolicam
356 4373 457 4436 sedem
467 4375 616 4452 studium,
629 4377 715 4455 ouJus
728 4376 923 4459 amaJ'oribus
935 4376 995 4437 tuis
1011 4380 1167 4452 tamquam
1179 4373 1366 4437 hereditario
1392 4389 1396 4397 ·

224 4467 291 4553 jure
306 4469 360 4530 tibi
370 4474 533 4535 transmissi
549 4475 724 4554 praeclarum
735 4476 857 4537 exhibes
876 4476 1027 4555 specimen
1037 4491 1089 4552 per
1101 4473 1214 4535 litteras
1229 4473 1366 4536 officiiac
