<?xml version="1.0" encoding="UTF-8"?>
<!DOCTYPE html PUBLIC "-//W3C//DTD XHTML 1.0 Transitional//EN"
    "http://www.w3.org/TR/xhtml1/DTD/xhtml1-transitional.dtd">
<html xmlns="http://www.w3.org/1999/xhtml" xml:lang="en" lang="en">
 <head>
  <title>
</title>
<meta http-equiv="Content-Type" content="text/html;charset=utf-8" />
  <meta name='ocr-system' content='tesseract 3.04.00' />
  <meta name='ocr-capabilities' content='ocr_page ocr_carea ocr_par ocr_line ocrx_word'/>
</head>
<body>
  <div class='ocr_page' id='page_1' title='image "./clementisxivpon01clemgoog_0176.png"; bbox 0 0 3194 5354; ppageno 0'>
   <div class='ocr_carea' id='block_1_1' title="bbox 481 476 1381 580">
    <p class='ocr_par' dir='ltr' id='par_1_1' title="bbox 481 476 1381 580">
     <span class='ocr_line' id='line_1_1' title="bbox 481 476 1381 580; baseline 0.008 -19"><span class='ocrx_word' id='word_1_1' title='bbox 481 506 727 564; x_wconf 75' lang='lat' dir='ltr'><strong>sasabasar</strong></span> <span class='ocrx_word' id='word_1_2' title='bbox 746 509 880 565; x_wconf 76' lang='lat' dir='ltr'><strong>naevia</strong></span> <span class='ocrx_word' id='word_1_3' title='bbox 898 510 1132 568; x_wconf 80' lang='lat' dir='ltr'><strong>sraacavoaa.</strong></span> <span class='ocrx_word' id='word_1_4' title='bbox 1322 476 1381 580; x_wconf 67' lang='lat' dir='ltr'><strong>‘ica</strong></span> 
     </span>
    </p>
   </div>
   <div class='ocr_carea' id='block_1_2' title="bbox 222 611 1441 4488">
    <p class='ocr_par' dir='ltr' id='par_1_2' title="bbox 222 611 1441 4488">
     <span class='ocr_line' id='line_1_2' title="bbox 232 611 1384 696; baseline 0.003 -23"><span class='ocrx_word' id='word_1_5' title='bbox 232 611 455 687; x_wconf 88' lang='lat' dir='ltr'><strong>descendimus,</strong></span> <span class='ocrx_word' id='word_1_6' title='bbox 471 612 651 674; x_wconf 88' lang='lat' dir='ltr'><strong>anctoritate</strong></span> <span class='ocrx_word' id='word_1_7' title='bbox 669 621 770 676; x_wconf 83' lang='lat' dir='ltr'><strong>nostra</strong></span> <span class='ocrx_word' id='word_1_8' title='bbox 782 616 956 696; x_wconf 80' lang='lat' dir='ltr'><strong>Apostolica</strong></span> <span class='ocrx_word' id='word_1_9' title='bbox 970 617 1133 678; x_wconf 81' lang='lat' dir='ltr'><strong>denuncias</strong></span> <span class='ocrx_word' id='word_1_10' title='bbox 1152 635 1187 677; x_wconf 91' lang='lat' dir='ltr'><strong>uc</strong></span> <span class='ocrx_word' id='word_1_11' title='bbox 1201 615 1312 678; x_wconf 85' lang='lat' dir='ltr'><strong>edicas.</strong></span> <span class='ocrx_word' id='word_1_12' title='bbox 1327 616 1384 678; x_wconf 74' lang='lat' dir='ltr'><strong>lte</strong></span> 
     </span>
     <span class='ocr_line' id='line_1_3' title="bbox 232 710 1383 790; baseline 0.003 -20"><span class='ocrx_word' id='word_1_13' title='bbox 232 710 384 772; x_wconf 77' lang='lat' dir='ltr'><strong>liceantur</strong></span> <span class='ocrx_word' id='word_1_14' title='bbox 397 715 573 790; x_wconf 82' lang='lat' dir='ltr'><strong>nempe,&#39;ac</strong></span> <span class='ocrx_word' id='word_1_15' title='bbox 593 710 784 773; x_wconf 88' lang='lat' dir='ltr'><strong>celebrentur</strong></span> <span class='ocrx_word' id='word_1_16' title='bbox 805 712 902 774; x_wconf 90' lang='lat' dir='ltr'><strong>lestivi</strong></span> <span class='ocrx_word' id='word_1_17' title='bbox 923 713 986 775; x_wconf 91' lang='lat' dir='ltr'><strong>dies</strong></span> <span class='ocrx_word' id='word_1_18' title='bbox 1002 713 1239 775; x_wconf 85' lang='lat' dir='ltr'><strong>Resurrectionis</strong></span> <span class='ocrx_word' id='word_1_19' title='bbox 1252 732 1323 775; x_wconf 80' lang='lat' dir='ltr'><strong>enar</strong></span> <span class='ocrx_word' id='word_1_20' title='bbox 1338 732 1383 774; x_wconf 77' lang='lat' dir='ltr'><strong>se-</strong></span> 
     </span>
     <span class='ocr_line' id='line_1_4' title="bbox 231 807 1381 892; baseline 0.003 -23"><span class='ocrx_word' id='word_1_21' title='bbox 231 807 351 887; x_wconf 81' lang='lat' dir='ltr'>quenti,</span> <span class='ocrx_word' id='word_1_22' title='bbox 365 813 396 868; x_wconf 92' lang='lat' dir='ltr'><strong>et</strong></span> <span class='ocrx_word' id='word_1_23' title='bbox 416 809 607 870; x_wconf 87' lang='lat' dir='ltr'><strong>Pentecostes</strong></span> <span class='ocrx_word' id='word_1_24' title='bbox 629 807 702 869; x_wconf 88' lang='lat' dir='ltr'><strong>item</strong></span> <span class='ocrx_word' id='word_1_25' title='bbox 718 827 789 870; x_wconf 91' lang='lat' dir='ltr'><strong>cnm</strong></span> <span class='ocrx_word' id='word_1_26' title='bbox 808 811 961 890; x_wconf 78' lang='lat' dir='ltr'>sequenti,</span> <span class='ocrx_word' id='word_1_27' title='bbox 983 810 1094 892; x_wconf 91' lang='lat' dir='ltr'><strong>aliique</strong></span> <span class='ocrx_word' id='word_1_28' title='bbox 1115 829 1168 892; x_wconf 89' lang='lat' dir='ltr'><strong>per</strong></span> <span class='ocrx_word' id='word_1_29' title='bbox 1188 829 1301 872; x_wconf 76' lang='lat' dir='ltr'><strong>annunt</strong></span> <span class='ocrx_word' id='word_1_30' title='bbox 1318 810 1381 873; x_wconf 87' lang='lat' dir='ltr'><strong>dics</strong></span> 
     </span>
     <span class='ocr_line' id='line_1_5' title="bbox 232 904 1383 986; baseline 0.002 -20"><span class='ocrx_word' id='word_1_31' title='bbox 232 905 393 986; x_wconf 88' lang='lat' dir='ltr'><strong>Dominiei,</strong></span> <span class='ocrx_word' id='word_1_32' title='bbox 406 923 462 966; x_wconf 87' lang='lat' dir='ltr'><strong>nec</strong></span> <span class='ocrx_word' id='word_1_33' title='bbox 480 922 541 966; x_wconf 90' lang='lat' dir='ltr'><strong>non</strong></span> <span class='ocrx_word' id='word_1_34' title='bbox 556 904 727 968; x_wconf 86' lang='lat' dir='ltr'><strong>Natiuitatis</strong></span> <span class='ocrx_word' id='word_1_35' title='bbox 741 907 860 969; x_wconf 85' lang='lat' dir='ltr'>Domini</span> <span class='ocrx_word' id='word_1_36' title='bbox 875 909 974 972; x_wconf 90' lang='lat' dir='ltr'><strong>Nostri</strong></span> <span class='ocrx_word' id='word_1_37' title='bbox 986 911 1057 972; x_wconf 84' lang='lat' dir='ltr'><strong>lesu</strong></span> <span class='ocrx_word' id='word_1_38' title='bbox 1073 907 1200 983; x_wconf 79' lang='lat' dir='ltr'>Christi,</span> <span class='ocrx_word' id='word_1_39' title='bbox 1216 907 1383 969; x_wconf 87' lang='lat' dir='ltr'><strong>Circumci-</strong></span> 
     </span>
     <span class='ocr_line' id='line_1_6' title="bbox 231 1002 1381 1087; baseline 0.003 -23"><span class='ocrx_word' id='word_1_40' title='bbox 231 1002 332 1081; x_wconf 87' lang='lat' dir='ltr'><strong>sionis,</strong></span> <span class='ocrx_word' id='word_1_41' title='bbox 344 1003 534 1085; x_wconf 78' lang='lat' dir='ltr'><strong>Epiphaniae,</strong></span> <span class='ocrx_word' id='word_1_42' title='bbox 546 1003 736 1065; x_wconf 82' lang='lat' dir='ltr'><strong>Ascensionis</strong></span> <span class='ocrx_word' id='word_1_43' title='bbox 747 1011 777 1065; x_wconf 91' lang='lat' dir='ltr'><strong>et</strong></span> <span class='ocrx_word' id='word_1_44' title='bbox 785 1005 926 1085; x_wconf 74' lang='lat' dir='ltr'>Corporis</span> <span class='ocrx_word' id='word_1_45' title='bbox 937 1006 1056 1083; x_wconf 78' lang='lat' dir='ltr'><strong>Christi,</strong></span> <span class='ocrx_word' id='word_1_46' title='bbox 1069 1013 1134 1068; x_wconf 90' lang='lat' dir='ltr'><strong>tum</strong></span> <span class='ocrx_word' id='word_1_47' title='bbox 1145 1005 1280 1087; x_wconf 90' lang='lat' dir='ltr'><strong>quinque</strong></span> <span class='ocrx_word' id='word_1_48' title='bbox 1291 1005 1381 1069; x_wconf 87' lang='lat' dir='ltr'><strong>dicati</strong></span> 
     </span>
     <span class='ocr_line' id='line_1_7' title="bbox 230 1099 1382 1184; baseline 0.005 -24"><span class='ocrx_word' id='word_1_49' title='bbox 230 1100 330 1161; x_wconf 82' lang='lat' dir='ltr'><strong>Beatae</strong></span> <span class='ocrx_word' id='word_1_50' title='bbox 340 1099 440 1162; x_wconf 80' lang='lat' dir='ltr'><strong>naris</strong></span> <span class='ocrx_word' id='word_1_51' title='bbox 453 1100 583 1179; x_wconf 88' lang='lat' dir='ltr'><strong>Virgini,</strong></span> <span class='ocrx_word' id='word_1_52' title='bbox 594 1099 707 1162; x_wconf 90' lang='lat' dir='ltr'><strong>scilicet</strong></span> <span class='ocrx_word' id='word_1_53' title='bbox 718 1101 947 1179; x_wconf 80' lang='lat' dir='ltr'><strong>Purificationis,</strong></span> <span class='ocrx_word' id='word_1_54' title='bbox 964 1103 1223 1180; x_wconf 78' lang='lat' dir='ltr'><strong>Annnncietionis,</strong></span> <span class='ocrx_word' id='word_1_55' title='bbox 1239 1104 1382 1184; x_wconf 81' lang='lat' dir='ltr'><strong>Assump-</strong></span> 
     </span>
     <span class='ocr_line' id='line_1_8' title="bbox 231 1197 1382 1280; baseline 0.003 -23"><span class='ocrx_word' id='word_1_56' title='bbox 231 1198 338 1276; x_wconf 86' lang='lat' dir='ltr'><strong>tionis,</strong></span> <span class='ocrx_word' id='word_1_57' title='bbox 352 1197 523 1260; x_wconf 89' lang='lat' dir='ltr'><strong>Nativitatis</strong></span> <span class='ocrx_word' id='word_1_58' title='bbox 534 1205 564 1259; x_wconf 91' lang='lat' dir='ltr'><strong>et</strong></span> <span class='ocrx_word' id='word_1_59' title='bbox 573 1198 799 1280; x_wconf 89' lang='lat' dir='ltr'><strong>Conceptionis;</strong></span> <span class='ocrx_word' id='word_1_60' title='bbox 815 1207 962 1280; x_wconf 72' lang='lat' dir='ltr'><strong>praeterea</strong></span> <span class='ocrx_word' id='word_1_61' title='bbox 976 1201 1160 1263; x_wconf 74' lang='lat' dir='ltr'><strong>retineantur</strong></span> <span class='ocrx_word' id='word_1_62' title='bbox 1170 1199 1247 1262; x_wconf 82' lang='lat' dir='ltr'><strong>festa</strong></span> <span class='ocrx_word' id='word_1_63' title='bbox 1258 1207 1382 1273; x_wconf 55' lang='lat' dir='ltr'><strong>sancto,-</strong></span> 
     </span>
     <span class='ocr_line' id='line_1_9' title="bbox 230 1295 1380 1380; baseline 0.004 -24"><span class='ocrx_word' id='word_1_64' title='bbox 230 1313 298 1356; x_wconf 88' lang='lat' dir='ltr'><strong>rnm</strong></span> <span class='ocrx_word' id='word_1_65' title='bbox 316 1295 532 1377; x_wconf 79' lang='lat' dir='ltr'><strong>Apostolorum</strong></span> <span class='ocrx_word' id='word_1_66' title='bbox 547 1296 625 1357; x_wconf 90' lang='lat' dir='ltr'><strong>Petri</strong></span> <span class='ocrx_word' id='word_1_67' title='bbox 641 1303 673 1368; x_wconf 90' lang='lat' dir='ltr'><strong>et</strong></span> <span class='ocrx_word' id='word_1_68' title='bbox 685 1297 788 1375; x_wconf 90' lang='lat' dir='ltr'><strong>Pauli,</strong></span> <span class='ocrx_word' id='word_1_69' title='bbox 801 1299 938 1361; x_wconf 88' lang='lat' dir='ltr'><strong>omnium</strong></span> <span class='ocrx_word' id='word_1_70' title='bbox 959 1301 1141 1362; x_wconf 90' lang='lat' dir='ltr'><strong>Sanctorum</strong></span> <span class='ocrx_word' id='word_1_71' title='bbox 1151 1345 1159 1376; x_wconf 93' lang='lat'><strong>,</strong></span> <span class='ocrx_word' id='word_1_72' title='bbox 1170 1302 1214 1361; x_wconf 88' lang='lat' dir='ltr'><strong>·S.</strong></span> <span class='ocrx_word' id='word_1_73' title='bbox 1236 1299 1380 1380; x_wconf 83' lang='lat' dir='ltr'><strong>Stephani</strong></span> 
     </span>
     <span class='ocr_line' id='line_1_10' title="bbox 230 1394 1380 1477; baseline 0.002 -21"><span class='ocrx_word' id='word_1_74' title='bbox 230 1394 479 1476; x_wconf 76' lang='lat' dir='ltr'><strong>Protomartpris,</strong></span> <span class='ocrx_word' id='word_1_75' title='bbox 496 1401 526 1456; x_wconf 90' lang='lat' dir='ltr'><strong>et</strong></span> <span class='ocrx_word' id='word_1_76' title='bbox 541 1395 628 1457; x_wconf 86' lang='lat' dir='ltr'><strong>rmius</strong></span> <span class='ocrx_word' id='word_1_77' title='bbox 645 1401 764 1457; x_wconf 87' lang='lat' dir='ltr'><strong>tantmn</strong></span> <span class='ocrx_word' id='word_1_78' title='bbox 775 1396 996 1477; x_wconf 91' lang='lat' dir='ltr'><strong>principalioris</strong></span> <span class='ocrx_word' id='word_1_79' title='bbox 1014 1399 1153 1473; x_wconf 74' lang='lat' dir='ltr'><strong>Patroni,</strong></span> <span class='ocrx_word' id='word_1_80' title='bbox 1167 1398 1220 1460; x_wconf 91' lang='lat' dir='ltr'><strong>sed</strong></span> <span class='ocrx_word' id='word_1_81' title='bbox 1233 1398 1257 1459; x_wconf 90' lang='lat' dir='ltr'><strong>si</strong></span> <span class='ocrx_word' id='word_1_82' title='bbox 1271 1397 1380 1460; x_wconf 88' lang='lat' dir='ltr'><strong>alicubi</strong></span> 
     </span>
     <span class='ocr_line' id='line_1_11' title="bbox 229 1493 1381 1576; baseline 0.002 -22"><span class='ocrx_word' id='word_1_83' title='bbox 229 1493 330 1572; x_wconf 90' lang='lat' dir='ltr'><strong>plures</strong></span> <span class='ocrx_word' id='word_1_84' title='bbox 344 1495 491 1555; x_wconf 86' lang='lat' dir='ltr'><strong>Patronus</strong></span> <span class='ocrx_word' id='word_1_85' title='bbox 509 1513 594 1575; x_wconf 67' lang='lat' dir='ltr'><strong>merare</strong></span> <span class='ocrx_word' id='word_1_86' title='bbox 612 1494 794 1576; x_wconf 82' lang='lat' dir='ltr'><strong>principales</strong></span> <span class='ocrx_word' id='word_1_87' title='bbox 805 1495 909 1557; x_wconf 89' lang='lat' dir='ltr'><strong>haberi</strong></span> <span class='ocrx_word' id='word_1_88' title='bbox 922 1495 1095 1576; x_wconf 89' lang='lat' dir='ltr'><strong>contigerit,</strong></span> <span class='ocrx_word' id='word_1_89' title='bbox 1115 1494 1271 1575; x_wconf 78' lang='lat' dir='ltr'><strong>diligenter</strong></span> <span class='ocrx_word' id='word_1_90' title='bbox 1285 1495 1381 1576; x_wconf 88' lang='lat' dir='ltr'><strong>inqui-</strong></span> 
     </span>
     <span class='ocr_line' id='line_1_12' title="bbox 229 1591 1380 1674; baseline 0.003 -24"><span class='ocrx_word' id='word_1_91' title='bbox 229 1607 293 1666; x_wconf 89' lang='lat' dir='ltr'><strong>res,</strong></span> <span class='ocrx_word' id='word_1_92' title='bbox 308 1608 431 1652; x_wconf 89' lang='lat' dir='ltr'><strong>necesse</strong></span> <span class='ocrx_word' id='word_1_93' title='bbox 447 1598 507 1667; x_wconf 90' lang='lat' dir='ltr'><strong>est,</strong></span> <span class='ocrx_word' id='word_1_94' title='bbox 523 1591 711 1654; x_wconf 86' lang='lat' dir='ltr'><strong>Venerabilis</strong></span> <span class='ocrx_word' id='word_1_95' title='bbox 733 1593 848 1670; x_wconf 85' lang='lat' dir='ltr'><strong>Frater,</strong></span> <span class='ocrx_word' id='word_1_96' title='bbox 863 1593 987 1673; x_wconf 87' lang='lat' dir='ltr'><strong>quinam</strong></span> <span class='ocrx_word' id='word_1_97' title='bbox 1001 1612 1038 1654; x_wconf 86' lang='lat' dir='ltr'><strong>ex</strong></span> <span class='ocrx_word' id='word_1_98' title='bbox 1052 1592 1139 1654; x_wconf 92' lang='lat' dir='ltr'><strong>dictis</strong></span> <span class='ocrx_word' id='word_1_99' title='bbox 1158 1592 1380 1674; x_wconf 87' lang='lat' dir='ltr'><strong>principaliori-</strong></span> 
     </span>
     <span class='ocr_line' id='line_1_13' title="bbox 230 1686 1378 1769; baseline 0.004 -23"><span class='ocrx_word' id='word_1_100' title='bbox 230 1686 286 1749; x_wconf 88' lang='lat' dir='ltr'><strong>bus</strong></span> <span class='ocrx_word' id='word_1_101' title='bbox 299 1688 436 1750; x_wconf 87' lang='lat' dir='ltr'><strong>Patronis</strong></span> <span class='ocrx_word' id='word_1_102' title='bbox 447 1689 595 1769; x_wconf 90' lang='lat' dir='ltr'><strong>potiorem</strong></span> <span class='ocrx_word' id='word_1_103' title='bbox 607 1689 723 1751; x_wconf 91' lang='lat' dir='ltr'><strong>cultum</strong></span> <span class='ocrx_word' id='word_1_104' title='bbox 738 1707 774 1750; x_wconf 86' lang='lat' dir='ltr'><strong>ac</strong></span> <span class='ocrx_word' id='word_1_105' title='bbox 787 1690 1011 1752; x_wconf 89' lang='lat' dir='ltr'><strong>venerationem</strong></span> <span class='ocrx_word' id='word_1_106' title='bbox 1030 1690 1061 1751; x_wconf 92' lang='lat' dir='ltr'><strong>in</strong></span> <span class='ocrx_word' id='word_1_107' title='bbox 1079 1709 1115 1752; x_wconf 88' lang='lat' dir='ltr'><strong>ea</strong></span> <span class='ocrx_word' id='word_1_108' title='bbox 1129 1690 1175 1751; x_wconf 85' lang='lat' dir='ltr'><strong>vel</strong></span> <span class='ocrx_word' id='word_1_109' title='bbox 1184 1690 1321 1768; x_wconf 86' lang='lat' dir='ltr'><strong>civitate,</strong></span> <span class='ocrx_word' id='word_1_110' title='bbox 1332 1692 1378 1752; x_wconf 90' lang='lat' dir='ltr'><strong>vel</strong></span> 
     </span>
     <span class='ocr_line' id='line_1_14' title="bbox 229 1785 1379 1869; baseline 0.002 -23"><span class='ocrx_word' id='word_1_111' title='bbox 229 1785 358 1866; x_wconf 89' lang='lat' dir='ltr'><strong>oppido,</strong></span> <span class='ocrx_word' id='word_1_112' title='bbox 378 1786 424 1847; x_wconf 90' lang='lat' dir='ltr'><strong>vel</strong></span> <span class='ocrx_word' id='word_1_113' title='bbox 447 1804 526 1866; x_wconf 88' lang='lat' dir='ltr'><strong>pago</strong></span> <span class='ocrx_word' id='word_1_114' title='bbox 546 1785 672 1862; x_wconf 89' lang='lat' dir='ltr'><strong>babeat,</strong></span> <span class='ocrx_word' id='word_1_115' title='bbox 687 1792 717 1847; x_wconf 90' lang='lat' dir='ltr'><strong>et</strong></span> <span class='ocrx_word' id='word_1_116' title='bbox 731 1786 842 1865; x_wconf 78' lang='lat' dir='ltr'><strong>inejus</strong></span> <span class='ocrx_word' id='word_1_117' title='bbox 857 1794 974 1850; x_wconf 86' lang='lat' dir='ltr'><strong>tanturn</strong></span> <span class='ocrx_word' id='word_1_118' title='bbox 997 1788 1119 1869; x_wconf 91' lang='lat' dir='ltr'><strong>propria</strong></span> <span class='ocrx_word' id='word_1_119' title='bbox 1131 1787 1181 1849; x_wconf 93' lang='lat' dir='ltr'><strong>die</strong></span> <span class='ocrx_word' id='word_1_120' title='bbox 1198 1787 1379 1852; x_wconf 85' lang='lat' dir='ltr'><strong>Festivitatis</strong></span> 
     </span>
     <span class='ocr_line' id='line_1_15' title="bbox 229 1881 1441 1965; baseline 0.003 -23"><span class='ocrx_word' id='word_1_121' title='bbox 229 1888 413 1963; x_wconf 77' lang='lat' dir='ltr'><strong>praeceptum</strong></span> <span class='ocrx_word' id='word_1_122' title='bbox 429 1881 576 1960; x_wconf 87' lang='lat' dir='ltr'><strong>designes.</strong></span> <span class='ocrx_word' id='word_1_123' title='bbox 595 1884 629 1943; x_wconf 93' lang='lat' dir='ltr'><strong>In</strong></span> <span class='ocrx_word' id='word_1_124' title='bbox 643 1882 691 1943; x_wconf 88' lang='lat' dir='ltr'><strong>his</strong></span> <span class='ocrx_word' id='word_1_125' title='bbox 706 1882 795 1961; x_wconf 89' lang='lat' dir='ltr'><strong>igitur</strong></span> <span class='ocrx_word' id='word_1_126' title='bbox 815 1884 956 1946; x_wconf 90' lang='lat' dir='ltr'><strong>omnibns</strong></span> <span class='ocrx_word' id='word_1_127' title='bbox 973 1883 1056 1946; x_wconf 87' lang='lat' dir='ltr'><strong>lestis</strong></span> <span class='ocrx_word' id='word_1_128' title='bbox 1080 1884 1186 1946; x_wconf 90' lang='lat' dir='ltr'><strong>diebus</strong></span> <span class='ocrx_word' id='word_1_129' title='bbox 1207 1903 1264 1965; x_wconf 87' lang='lat' dir='ltr'><strong>pro</strong></span> <span class='ocrx_word' id='word_1_130' title='bbox 1286 1886 1378 1947; x_wconf 90' lang='lat' dir='ltr'><strong>veteri</strong></span> <span class='ocrx_word' id='word_1_131' title='bbox 1439 1899 1441 1902; x_wconf 74' lang='grc'>’</span> 
     </span>
     <span class='ocr_line' id='line_1_16' title="bbox 227 1970 1380 2057; baseline 0.001 -17"><span class='ocrx_word' id='word_1_132' title='bbox 227 1979 369 2040; x_wconf 79' lang='lat' dir='ltr'><strong>Ecclesiae</strong></span> <span class='ocrx_word' id='word_1_133' title='bbox 383 1978 543 2040; x_wconf 82' lang='lat' dir='ltr'><strong>Catholicae</strong></span> <span class='ocrx_word' id='word_1_134' title='bbox 557 1979 694 2040; x_wconf 90' lang='lat' dir='ltr'><strong>instituto</strong></span> <span class='ocrx_word' id='word_1_135' title='bbox 712 1980 817 2042; x_wconf 83' lang='lat' dir='ltr'><strong>Christi</strong></span> <span class='ocrx_word' id='word_1_136' title='bbox 833 1980 938 2044; x_wconf 87' lang='lat' dir='ltr'><strong>fideles</strong></span> <span class='ocrx_word' id='word_1_137' title='bbox 949 1970 1206 2057; x_wconf 66' lang='lat' dir='ltr'><strong>secris‘adesse,a</strong></span> <span class='ocrx_word' id='word_1_138' title='bbox 1223 1979 1380 2043; x_wconf 87' lang='lat' dir='ltr'><strong>servilibus</strong></span> 
     </span>
     <span class='ocr_line' id='line_1_17' title="bbox 226 2075 1376 2159; baseline 0.003 -23"><span class='ocrx_word' id='word_1_139' title='bbox 226 2076 369 2156; x_wconf 90' lang='lat' dir='ltr'><strong>operibus</strong></span> <span class='ocrx_word' id='word_1_140' title='bbox 379 2075 530 2137; x_wconf 79' lang='lat' dir='ltr'><strong>abstinere</strong></span> <span class='ocrx_word' id='word_1_141' title='bbox 540 2082 570 2136; x_wconf 93' lang='lat' dir='ltr'><strong>et</strong></span> <span class='ocrx_word' id='word_1_142' title='bbox 578 2076 739 2154; x_wconf 87' lang='lat' dir='ltr'><strong>jejunium,</strong></span> <span class='ocrx_word' id='word_1_143' title='bbox 752 2077 782 2138; x_wconf 93' lang='lat' dir='ltr'><strong>in</strong></span> <span class='ocrx_word' id='word_1_144' title='bbox 794 2078 958 2140; x_wconf 88' lang='lat' dir='ltr'><strong>eorundem</strong></span> <span class='ocrx_word' id='word_1_145' title='bbox 971 2078 1096 2158; x_wconf 83' lang='lat' dir='ltr'><strong>Vigiliis,</strong></span> <span class='ocrx_word' id='word_1_146' title='bbox 1109 2078 1218 2159; x_wconf 91' lang='lat' dir='ltr'><strong>quibus</strong></span> <span class='ocrx_word' id='word_1_147' title='bbox 1228 2077 1376 2139; x_wconf 80' lang='lat' dir='ltr'><strong>adnexum</strong></span> 
     </span>
     <span class='ocr_line' id='line_1_18' title="bbox 226 2172 1378 2254; baseline -0.001 -21"><span class='ocrx_word' id='word_1_148' title='bbox 226 2173 267 2233; x_wconf 90' lang='lat' dir='ltr'><strong>sit</strong></span> <span class='ocrx_word' id='word_1_149' title='bbox 279 2173 439 2234; x_wconf 89' lang='lat' dir='ltr'><strong>observare</strong></span> <span class='ocrx_word' id='word_1_150' title='bbox 453 2172 584 2235; x_wconf 90' lang='lat' dir='ltr'><strong>debeant</strong></span> <span class='ocrx_word' id='word_1_151' title='bbox 602 2191 638 2233; x_wconf 85' lang='lat' dir='ltr'><strong>ac</strong></span> <span class='ocrx_word' id='word_1_152' title='bbox 652 2180 821 2236; x_wconf 87' lang='lat' dir='ltr'><strong>teneantur.</strong></span> <span class='ocrx_word' id='word_1_153' title='bbox 838 2176 872 2234; x_wconf 93' lang='lat' dir='ltr'><strong>ln</strong></span> <span class='ocrx_word' id='word_1_154' title='bbox 888 2173 1011 2254; x_wconf 91' lang='lat' dir='ltr'><strong>reliquis</strong></span> <span class='ocrx_word' id='word_1_155' title='bbox 1025 2192 1098 2235; x_wconf 89' lang='lat' dir='ltr'><strong>vero</strong></span> <span class='ocrx_word' id='word_1_156' title='bbox 1111 2172 1193 2234; x_wconf 88' lang='lat' dir='ltr'><strong>lestis</strong></span> <span class='ocrx_word' id='word_1_157' title='bbox 1206 2190 1266 2234; x_wconf 94' lang='lat' dir='ltr'><strong>non</strong></span> <span class='ocrx_word' id='word_1_158' title='bbox 1279 2173 1378 2234; x_wconf 88' lang='lat' dir='ltr'><strong>solum</strong></span> 
     </span>
     <span class='ocr_line' id='line_1_19' title="bbox 226 2268 1377 2353; baseline -0.001 -22"><span class='ocrx_word' id='word_1_159' title='bbox 226 2270 393 2332; x_wconf 88' lang='lat' dir='ltr'><strong>laboriosas</strong></span> <span class='ocrx_word' id='word_1_160' title='bbox 416 2271 526 2333; x_wconf 88' lang='lat' dir='ltr'><strong>artium</strong></span> <span class='ocrx_word' id='word_1_161' title='bbox 549 2271 777 2335; x_wconf 82' lang='lat' dir='ltr'><strong>exercitationes</strong></span> <span class='ocrx_word' id='word_1_162' title='bbox 799 2279 831 2333; x_wconf 94' lang='lat' dir='ltr'><strong>et</strong></span> <span class='ocrx_word' id='word_1_163' title='bbox 852 2272 971 2333; x_wconf 86' lang='lat' dir='ltr'><strong>servilia</strong></span> <span class='ocrx_word' id='word_1_164' title='bbox 994 2290 1101 2353; x_wconf 91' lang='lat' dir='ltr'><strong>opera,</strong></span> <span class='ocrx_word' id='word_1_165' title='bbox 1122 2268 1377 2352; x_wconf 88' lang='lat' dir='ltr'><strong>quemadmodum</strong></span> 
     </span>
     <span class='ocr_line' id='line_1_20' title="bbox 224 2366 1379 2453; baseline -0.003 -23"><span class='ocrx_word' id='word_1_166' title='bbox 224 2368 481 2431; x_wconf 87' lang='lat' dir='ltr'><strong>BenedictusllIV</strong></span> <span class='ocrx_word' id='word_1_167' title='bbox 492 2377 697 2447; x_wconf 90' lang='lat' dir='ltr'><strong>concesserat,</strong></span> <span class='ocrx_word' id='word_1_168' title='bbox 712 2372 914 2453; x_wconf 83' lang='lat' dir='ltr'><strong>permittimus</strong></span> <span class='ocrx_word' id='word_1_169' title='bbox 927 2378 958 2431; x_wconf 89' lang='lat' dir='ltr'><strong>et</strong></span> <span class='ocrx_word' id='word_1_170' title='bbox 970 2370 1175 2448; x_wconf 81' lang='lat' dir='ltr'><strong>indulgemus3</strong></span> <span class='ocrx_word' id='word_1_171' title='bbox 1191 2366 1244 2428; x_wconf 88' lang='lat' dir='ltr'><strong>sed</strong></span> <span class='ocrx_word' id='word_1_172' title='bbox 1258 2366 1379 2446; x_wconf 88' lang='lat' dir='ltr'><strong>insuper</strong></span> 
     </span>
     <span class='ocr_line' id='line_1_21' title="bbox 226 2464 1378 2548; baseline -0.001 -22"><span class='ocrx_word' id='word_1_173' title='bbox 226 2464 347 2527; x_wconf 89' lang='lat' dir='ltr'><strong>eosdem</strong></span> <span class='ocrx_word' id='word_1_174' title='bbox 358 2466 464 2529; x_wconf 86' lang='lat' dir='ltr'><strong>Christi</strong></span> <span class='ocrx_word' id='word_1_175' title='bbox 477 2467 580 2529; x_wconf 87' lang='lat' dir='ltr'><strong>fideles</strong></span> <span class='ocrx_word' id='word_1_176' title='bbox 594 2486 814 2548; x_wconf 88' lang='lat' dir='ltr'><strong>aquecumqne</strong></span> <span class='ocrx_word' id='word_1_177' title='bbox 836 2467 948 2548; x_wconf 79' lang='lat' dir='ltr'><strong>Vigilic</strong></span> <span class='ocrx_word' id='word_1_178' title='bbox 960 2486 1014 2529; x_wconf 91' lang='lat' dir='ltr'><strong>seu</strong></span> <span class='ocrx_word' id='word_1_179' title='bbox 1024 2466 1129 2548; x_wconf 86' lang='lat' dir='ltr'><strong>jejunii</strong></span> <span class='ocrx_word' id='word_1_180' title='bbox 1144 2464 1251 2526; x_wconf 90' lang='lat' dir='ltr'><strong>diebus</strong></span> <span class='ocrx_word' id='word_1_181' title='bbox 1261 2482 1378 2545; x_wconf 77' lang='lat' dir='ltr'><strong>praece-</strong></span> 
     </span>
     <span class='ocr_line' id='line_1_22' title="bbox 225 2560 1377 2644; baseline -0.002 -20"><span class='ocrx_word' id='word_1_182' title='bbox 225 2560 380 2641; x_wconf 87' lang='lat' dir='ltr'><strong>dentibus,</strong></span> <span class='ocrx_word' id='word_1_183' title='bbox 401 2564 566 2627; x_wconf 88' lang='lat' dir='ltr'><strong>dummodo</strong></span> <span class='ocrx_word' id='word_1_184' title='bbox 588 2565 707 2628; x_wconf 86' lang='lat' dir='ltr'><strong>aliunde</strong></span> <span class='ocrx_word' id='word_1_185' title='bbox 728 2567 774 2627; x_wconf 93' lang='lat' dir='ltr'><strong>vel</strong></span> <span class='ocrx_word' id='word_1_186' title='bbox 800 2566 916 2628; x_wconf 89' lang='lat' dir='ltr'><strong>ratione</strong></span> <span class='ocrx_word' id='word_1_187' title='bbox 935 2565 1175 2644; x_wconf 82' lang='lat' dir='ltr'><strong>eradragesime</strong></span> <span class='ocrx_word' id='word_1_188' title='bbox 1196 2562 1242 2623; x_wconf 89' lang='lat' dir='ltr'><strong>vel</strong></span> <span class='ocrx_word' id='word_1_189' title='bbox 1260 2561 1377 2624; x_wconf 89' lang='lat' dir='ltr'><strong>ratione</strong></span> 
     </span>
     <span class='ocr_line' id='line_1_23' title="bbox 225 2658 1440 2745; baseline -0.002 -23"><span class='ocrx_word' id='word_1_190' title='bbox 225 2669 355 2739; x_wconf 86' lang='lat' dir='ltr'><strong>quatuor</strong></span> <span class='ocrx_word' id='word_1_191' title='bbox 368 2670 540 2743; x_wconf 85' lang='lat' dir='ltr'><strong>temporum</strong></span> <span class='ocrx_word' id='word_1_192' title='bbox 554 2681 615 2725; x_wconf 94' lang='lat' dir='ltr'><strong>non</strong></span> <span class='ocrx_word' id='word_1_193' title='bbox 626 2664 829 2745; x_wconf 74' lang='lat' dir='ltr'><strong>precipiatur,</strong></span> <span class='ocrx_word' id='word_1_194' title='bbox 844 2671 876 2727; x_wconf 92' lang='lat' dir='ltr'><strong>et</strong></span> <span class='ocrx_word' id='word_1_195' title='bbox 887 2663 1027 2727; x_wconf 90' lang='lat' dir='ltr'><strong>audiendi</strong></span> <span class='ocrx_word' id='word_1_196' title='bbox 1040 2663 1163 2725; x_wconf 87' lang='lat' dir='ltr'><strong>Missam</strong></span> <span class='ocrx_word' id='word_1_197' title='bbox 1183 2660 1213 2721; x_wconf 93' lang='lat' dir='ltr'><strong>in</strong></span> <span class='ocrx_word' id='word_1_198' title='bbox 1227 2658 1377 2740; x_wconf 71' lang='lat' dir='ltr'><strong>predictis</strong></span> <span class='ocrx_word' id='word_1_199' title='bbox 1438 2677 1440 2682; x_wconf 54' lang='lat'><strong><em>⁴</em></strong></span> 
     </span>
     <span class='ocr_line' id='line_1_24' title="bbox 224 2755 1377 2839; baseline 0 -22"><span class='ocrx_word' id='word_1_200' title='bbox 224 2755 308 2820; x_wconf 83' lang='lat' dir='ltr'><strong>lastis</strong></span> <span class='ocrx_word' id='word_1_201' title='bbox 320 2759 503 2838; x_wconf 80' lang='lat' dir='ltr'><strong>obligatione</strong></span> <span class='ocrx_word' id='word_1_202' title='bbox 514 2758 697 2821; x_wconf 86' lang='lat' dir='ltr'><strong>absolvimus</strong></span> <span class='ocrx_word' id='word_1_203' title='bbox 709 2766 740 2820; x_wconf 90' lang='lat' dir='ltr'><strong>et</strong></span> <span class='ocrx_word' id='word_1_204' title='bbox 757 2760 930 2822; x_wconf 87' lang='lat' dir='ltr'><strong>liberemus.</strong></span> <span class='ocrx_word' id='word_1_205' title='bbox 948 2759 1006 2822; x_wconf 91' lang='lat' dir='ltr'><strong>Sed</strong></span> <span class='ocrx_word' id='word_1_206' title='bbox 1022 2759 1165 2839; x_wconf 89' lang='lat' dir='ltr'><strong>quoniam</strong></span> <span class='ocrx_word' id='word_1_207' title='bbox 1180 2756 1253 2818; x_wconf 90' lang='lat' dir='ltr'><strong>dum</strong></span> <span class='ocrx_word' id='word_1_208' title='bbox 1273 2759 1377 2836; x_wconf 87' lang='lat' dir='ltr'><strong>Popu-</strong></span> 
     </span>
     <span class='ocr_line' id='line_1_25' title="bbox 224 2852 1377 2936; baseline -0.002 -21"><span class='ocrx_word' id='word_1_209' title='bbox 224 2854 323 2916; x_wconf 92' lang='lat' dir='ltr'><strong>lorum</strong></span> <span class='ocrx_word' id='word_1_210' title='bbox 337 2857 525 2917; x_wconf 79' lang='lat' dir='ltr'><strong>conscientia</strong></span> <span class='ocrx_word' id='word_1_211' title='bbox 534 2857 735 2931; x_wconf 88' lang='lat' dir='ltr'><strong>consulimus,</strong></span> <span class='ocrx_word' id='word_1_212' title='bbox 749 2865 911 2931; x_wconf 89' lang='lat' dir='ltr'><strong>eteorum,</strong></span> <span class='ocrx_word' id='word_1_213' title='bbox 923 2856 974 2936; x_wconf 92' lang='lat' dir='ltr'><strong>qui</strong></span> <span class='ocrx_word' id='word_1_214' title='bbox 987 2855 1017 2916; x_wconf 92' lang='lat' dir='ltr'><strong>in</strong></span> <span class='ocrx_word' id='word_1_215' title='bbox 1029 2854 1140 2916; x_wconf 92' lang='lat' dir='ltr'><strong>sudore</strong></span> <span class='ocrx_word' id='word_1_216' title='bbox 1154 2852 1255 2914; x_wconf 90' lang='lat' dir='ltr'><strong>vultus</strong></span> <span class='ocrx_word' id='word_1_217' title='bbox 1267 2852 1314 2913; x_wconf 92' lang='lat' dir='ltr'><strong>sui</strong></span> <span class='ocrx_word' id='word_1_218' title='bbox 1325 2869 1377 2932; x_wconf 87' lang='lat' dir='ltr'><strong>pa-</strong></span> 
     </span>
     <span class='ocr_line' id='line_1_26' title="bbox 222 2949 1375 3032; baseline -0.004 -20"><span class='ocrx_word' id='word_1_219' title='bbox 222 2969 294 3012; x_wconf 92' lang='lat' dir='ltr'><strong>nem</strong></span> <span class='ocrx_word' id='word_1_220' title='bbox 312 2951 488 3027; x_wconf 88' lang='lat' dir='ltr'><strong>comedunt,</strong></span> <span class='ocrx_word' id='word_1_221' title='bbox 512 2952 679 3031; x_wconf 82' lang='lat' dir='ltr'><strong>indigentie</strong></span> <span class='ocrx_word' id='word_1_222' title='bbox 699 2952 909 3032; x_wconf 85' lang='lat' dir='ltr'><strong>providemus,</strong></span> <span class='ocrx_word' id='word_1_223' title='bbox 929 2953 1110 3013; x_wconf 87' lang='lat' dir='ltr'><strong>Sanctorum</strong></span> <span class='ocrx_word' id='word_1_224' title='bbox 1135 2949 1375 3020; x_wconf 84' lang='lat' dir='ltr'><strong>venerationem,</strong></span> 
     </span>
     <span class='ocr_line' id='line_1_27' title="bbox 223 3043 1374 3127; baseline -0.002 -21"><span class='ocrx_word' id='word_1_225' title='bbox 223 3055 254 3109; x_wconf 87' lang='lat' dir='ltr'><strong>et</strong></span> <span class='ocrx_word' id='word_1_226' title='bbox 268 3048 429 3109; x_wconf 89' lang='lat' dir='ltr'><strong>salutarem</strong></span> <span class='ocrx_word' id='word_1_227' title='bbox 442 3048 549 3109; x_wconf 87' lang='lat' dir='ltr'><strong>Christi</strong></span> <span class='ocrx_word' id='word_1_228' title='bbox 565 3047 699 3110; x_wconf 87' lang='lat' dir='ltr'><strong>tidelinm</strong></span> <span class='ocrx_word' id='word_1_229' title='bbox 715 3048 922 3127; x_wconf 75' lang='lat' dir='ltr'><strong>poenitentiam</strong></span> <span class='ocrx_word' id='word_1_230' title='bbox 933 3047 1085 3123; x_wconf 90' lang='lat' dir='ltr'><strong>minnere,</strong></span> <span class='ocrx_word' id='word_1_231' title='bbox 1100 3063 1159 3106; x_wconf 91' lang='lat' dir='ltr'><strong>non</strong></span> <span class='ocrx_word' id='word_1_232' title='bbox 1175 3043 1374 3114; x_wconf 87' lang='lat' dir='ltr'><strong>intendimus;</strong></span> 
     </span>
     <span class='ocr_line' id='line_1_28' title="bbox 222 3139 1377 3206; baseline -0.003 -2"><span class='ocrx_word' id='word_1_233' title='bbox 222 3143 293 3206; x_wconf 93' lang='lat' dir='ltr'><strong>ideo</strong></span> <span class='ocrx_word' id='word_1_234' title='bbox 307 3145 486 3205; x_wconf 89' lang='lat' dir='ltr'><strong>Sanctorum</strong></span> <span class='ocrx_word' id='word_1_235' title='bbox 500 3163 537 3205; x_wconf 90' lang='lat' dir='ltr'><strong>ac</strong></span> <span class='ocrx_word' id='word_1_236' title='bbox 549 3143 779 3205; x_wconf 78' lang='lat' dir='ltr'><strong>solemnitatum</strong></span> <span class='ocrx_word' id='word_1_237' title='bbox 793 3142 893 3204; x_wconf 85' lang='lat' dir='ltr'><strong>oliicia</strong></span> <span class='ocrx_word' id='word_1_238' title='bbox 913 3149 943 3202; x_wconf 87' lang='lat' dir='ltr'><strong>et</strong></span> <span class='ocrx_word' id='word_1_239' title='bbox 955 3141 1061 3202; x_wconf 83' lang='lat' dir='ltr'><strong>Missas</strong></span> <span class='ocrx_word' id='word_1_240' title='bbox 1080 3149 1143 3202; x_wconf 89' lang='lat' dir='ltr'><strong>tam</strong></span> <span class='ocrx_word' id='word_1_241' title='bbox 1157 3140 1186 3201; x_wconf 94' lang='lat' dir='ltr'><strong>in</strong></span> <span class='ocrx_word' id='word_1_242' title='bbox 1201 3139 1307 3201; x_wconf 87' lang='lat' dir='ltr'><strong>iisdem</strong></span> <span class='ocrx_word' id='word_1_243' title='bbox 1319 3139 1377 3200; x_wconf 90' lang='lat' dir='ltr'><strong>ab-</strong></span> 
     </span>
     <span class='ocr_line' id='line_1_29' title="bbox 222 3235 1377 3323; baseline -0.006 -19"><span class='ocrx_word' id='word_1_244' title='bbox 222 3243 335 3323; x_wconf 79' lang='lat' dir='ltr'><strong>rogatis</strong></span> <span class='ocrx_word' id='word_1_245' title='bbox 346 3241 442 3319; x_wconf 90' lang='lat' dir='ltr'><strong>lestis,</strong></span> <span class='ocrx_word' id='word_1_246' title='bbox 463 3259 556 3323; x_wconf 89' lang='lat' dir='ltr'><strong>quam</strong></span> <span class='ocrx_word' id='word_1_247' title='bbox 575 3241 606 3302; x_wconf 92' lang='lat' dir='ltr'><strong>in</strong></span> <span class='ocrx_word' id='word_1_248' title='bbox 619 3259 725 3303; x_wconf 88' lang='lat' dir='ltr'><strong>eorum</strong></span> <span class='ocrx_word' id='word_1_249' title='bbox 739 3240 846 3320; x_wconf 88' lang='lat' dir='ltr'><strong>vigiliis</strong></span> <span class='ocrx_word' id='word_1_250' title='bbox 860 3239 998 3313; x_wconf 89' lang='lat' dir='ltr'><strong>retineri,</strong></span> <span class='ocrx_word' id='word_1_251' title='bbox 1018 3244 1049 3300; x_wconf 91' lang='lat' dir='ltr'><strong>et</strong></span> <span class='ocrx_word' id='word_1_252' title='bbox 1067 3238 1145 3300; x_wconf 89' lang='lat' dir='ltr'><strong>sieut</strong></span> <span class='ocrx_word' id='word_1_253' title='bbox 1158 3235 1241 3317; x_wconf 88' lang='lat' dir='ltr'><strong>prius</strong></span> <span class='ocrx_word' id='word_1_254' title='bbox 1259 3236 1288 3298; x_wconf 91' lang='lat' dir='ltr'><strong>in</strong></span> <span class='ocrx_word' id='word_1_255' title='bbox 1303 3254 1377 3316; x_wconf 91' lang='lat' dir='ltr'><strong>qua·</strong></span> 
     </span>
     <span class='ocr_line' id='line_1_30' title="bbox 223 3335 1375 3421; baseline -0.003 -20"><span class='ocrx_word' id='word_1_256' title='bbox 223 3358 352 3421; x_wconf 87' lang='lat' dir='ltr'><strong>cumque</strong></span> <span class='ocrx_word' id='word_1_257' title='bbox 366 3339 498 3400; x_wconf 84' lang='lat' dir='ltr'><strong>Ecclesia</strong></span> <span class='ocrx_word' id='word_1_258' title='bbox 518 3338 662 3400; x_wconf 87' lang='lat' dir='ltr'><strong>celebrari</strong></span> <span class='ocrx_word' id='word_1_259' title='bbox 675 3337 870 3412; x_wconf 74' lang='lat' dir='ltr'><strong>mandamus,</strong></span> <span class='ocrx_word' id='word_1_260' title='bbox 884 3355 1003 3400; x_wconf 89' lang='lat' dir='ltr'><strong>sacrum</strong></span> <span class='ocrx_word' id='word_1_261' title='bbox 1023 3354 1094 3398; x_wconf 90' lang='lat' dir='ltr'><strong>vero</strong></span> <span class='ocrx_word' id='word_1_262' title='bbox 1107 3335 1274 3415; x_wconf 86' lang='lat' dir='ltr'><strong>jejunium,</strong></span> <span class='ocrx_word' id='word_1_263' title='bbox 1293 3335 1375 3417; x_wconf 87' lang='lat' dir='ltr'><strong>quod</strong></span> 
     </span>
     <span class='ocr_line' id='line_1_31' title="bbox 224 3432 1375 3520; baseline -0.002 -23"><span class='ocrx_word' id='word_1_264' title='bbox 224 3436 253 3498; x_wconf 93' lang='lat' dir='ltr'><strong>in</strong></span> <span class='ocrx_word' id='word_1_265' title='bbox 265 3436 414 3520; x_wconf 70' lang='lat' dir='ltr'><strong>predictis</strong></span> <span class='ocrx_word' id='word_1_266' title='bbox 431 3436 538 3516; x_wconf 91' lang='lat' dir='ltr'><strong>vigiliis</strong></span> <span class='ocrx_word' id='word_1_267' title='bbox 549 3437 728 3511; x_wconf 89' lang='lat' dir='ltr'><strong>habebatur,</strong></span> <span class='ocrx_word' id='word_1_268' title='bbox 743 3435 917 3519; x_wconf 88' lang='lat' dir='ltr'><strong>adqnartas</strong></span> <span class='ocrx_word' id='word_1_269' title='bbox 937 3443 968 3498; x_wconf 91' lang='lat' dir='ltr'><strong>et</strong></span> <span class='ocrx_word' id='word_1_270' title='bbox 989 3442 1091 3497; x_wconf 83' lang='lat' dir='ltr'><strong>sextas</strong></span> <span class='ocrx_word' id='word_1_271' title='bbox 1108 3432 1198 3497; x_wconf 83' lang='lat' dir='ltr'><strong>serias</strong></span> <span class='ocrx_word' id='word_1_272' title='bbox 1219 3433 1375 3496; x_wconf 85' lang='lat' dir='ltr'><strong>Adventus</strong></span> 
     </span>
     <span class='ocr_line' id='line_1_32' title="bbox 224 3531 1375 3616; baseline -0.003 -21"><span class='ocrx_word' id='word_1_273' title='bbox 224 3535 480 3615; x_wconf 78' lang='lat' dir='ltr'><strong>transferendum,</strong></span> <span class='ocrx_word' id='word_1_274' title='bbox 499 3534 670 3616; x_wconf 89' lang='lat' dir='ltr'><strong>ibidemque</strong></span> <span class='ocrx_word' id='word_1_275' title='bbox 689 3534 871 3598; x_wconf 90' lang='lat' dir='ltr'><strong>servandum</strong></span> <span class='ocrx_word' id='word_1_276' title='bbox 883 3532 1029 3596; x_wconf 90' lang='lat' dir='ltr'><strong>edicimus</strong></span> <span class='ocrx_word' id='word_1_277' title='bbox 1044 3538 1075 3594; x_wconf 89' lang='lat' dir='ltr'><strong>et</strong></span> <span class='ocrx_word' id='word_1_278' title='bbox 1092 3531 1313 3594; x_wconf 89' lang='lat' dir='ltr'><strong>constituimus.</strong></span> <span class='ocrx_word' id='word_1_279' title='bbox 1334 3531 1375 3593; x_wconf 90' lang='lat' dir='ltr'><strong>Ut</strong></span> 
     </span>
     <span class='ocr_line' id='line_1_33' title="bbox 224 3627 1374 3716; baseline -0.005 -22"><span class='ocrx_word' id='word_1_280' title='bbox 224 3638 323 3695; x_wconf 85' lang='lat' dir='ltr'><strong>autem</strong></span> <span class='ocrx_word' id='word_1_281' title='bbox 334 3650 396 3694; x_wconf 92' lang='lat' dir='ltr'><strong>non</strong></span> <span class='ocrx_word' id='word_1_282' title='bbox 410 3632 508 3695; x_wconf 91' lang='lat' dir='ltr'><strong>solum</strong></span> <span class='ocrx_word' id='word_1_283' title='bbox 523 3631 623 3694; x_wconf 88' lang='lat' dir='ltr'><strong>clerici</strong></span> <span class='ocrx_word' id='word_1_284' title='bbox 635 3638 666 3694; x_wconf 92' lang='lat' dir='ltr'><strong>et</strong></span> <span class='ocrx_word' id='word_1_285' title='bbox 679 3629 785 3692; x_wconf 87' lang='lat' dir='ltr'><strong>divites</strong></span> <span class='ocrx_word' id='word_1_286' title='bbox 798 3630 937 3693; x_wconf 89' lang='lat' dir='ltr'><strong>homines</strong></span> <span class='ocrx_word' id='word_1_287' title='bbox 950 3629 1117 3704; x_wconf 89' lang='lat' dir='ltr'><strong>seculares,</strong></span> <span class='ocrx_word' id='word_1_288' title='bbox 1132 3628 1186 3716; x_wconf 85' lang='lat' dir='ltr'><strong>qui</strong></span> <span class='ocrx_word' id='word_1_289' title='bbox 1198 3627 1292 3690; x_wconf 89' lang='lat' dir='ltr'><strong>etiam</strong></span> <span class='ocrx_word' id='word_1_290' title='bbox 1305 3627 1374 3689; x_wconf 88' lang='lat' dir='ltr'><strong>die-</strong></span> 
     </span>
     <span class='ocr_line' id='line_1_34' title="bbox 223 3723 1374 3806; baseline -0.003 -15"><span class='ocrx_word' id='word_1_291' title='bbox 223 3729 280 3792; x_wconf 90' lang='lat' dir='ltr'><strong>bus</strong></span> <span class='ocrx_word' id='word_1_292' title='bbox 294 3748 355 3792; x_wconf 91' lang='lat' dir='ltr'><strong>non</strong></span> <span class='ocrx_word' id='word_1_293' title='bbox 369 3730 481 3793; x_wconf 76' lang='lat' dir='ltr'><strong>festivis</strong></span> <span class='ocrx_word' id='word_1_294' title='bbox 492 3736 690 3793; x_wconf 80' lang='lat' dir='ltr'><strong>sacrosancte</strong></span> <span class='ocrx_word' id='word_1_295' title='bbox 700 3729 795 3792; x_wconf 80' lang='lat' dir='ltr'><strong>blissae</strong></span> <span class='ocrx_word' id='word_1_296' title='bbox 806 3727 971 3803; x_wconf 84' lang='lat' dir='ltr'><strong>sacrificio,</strong></span> <span class='ocrx_word' id='word_1_297' title='bbox 982 3725 1136 3788; x_wconf 87' lang='lat' dir='ltr'><strong>aedivinis</strong></span> <span class='ocrx_word' id='word_1_298' title='bbox 1155 3723 1279 3802; x_wconf 86' lang='lat' dir='ltr'><strong>ohiciis,</strong></span> <span class='ocrx_word' id='word_1_299' title='bbox 1291 3723 1374 3806; x_wconf 88' lang='lat' dir='ltr'><strong>quod</strong></span> 
     </span>
     <span class='ocr_line' id='line_1_35' title="bbox 222 3823 1374 3911; baseline -0.003 -23"><span class='ocrx_word' id='word_1_300' title='bbox 222 3827 412 3890; x_wconf 86' lang='lat' dir='ltr'><strong>vehementer</strong></span> <span class='ocrx_word' id='word_1_301' title='bbox 432 3830 572 3911; x_wconf 88' lang='lat' dir='ltr'><strong>cupimus</strong></span> <span class='ocrx_word' id='word_1_302' title='bbox 583 3828 686 3892; x_wconf 88' lang='lat' dir='ltr'><strong>adesse</strong></span> <span class='ocrx_word' id='word_1_303' title='bbox 697 3836 839 3909; x_wconf 76' lang='lat' dir='ltr'><strong>possunt,</strong></span> <span class='ocrx_word' id='word_1_304' title='bbox 852 3828 905 3890; x_wconf 89' lang='lat' dir='ltr'><strong>sed</strong></span> <span class='ocrx_word' id='word_1_305' title='bbox 915 3828 1008 3890; x_wconf 86' lang='lat' dir='ltr'><strong>etiarn</strong></span> <span class='ocrx_word' id='word_1_306' title='bbox 1018 3827 1038 3888; x_wconf 93' lang='lat' dir='ltr'><strong>ii</strong></span> <span class='ocrx_word' id='word_1_307' title='bbox 1049 3871 1057 3904; x_wconf 96' lang='lat'><strong>,</strong></span> <span class='ocrx_word' id='word_1_308' title='bbox 1070 3825 1121 3906; x_wconf 90' lang='lat' dir='ltr'><strong>qui</strong></span> <span class='ocrx_word' id='word_1_309' title='bbox 1134 3825 1253 3888; x_wconf 89' lang='lat' dir='ltr'><strong>rusticis</strong></span> <span class='ocrx_word' id='word_1_310' title='bbox 1261 3823 1374 3888; x_wconf 86' lang='lat' dir='ltr'><strong>detenti</strong></span> 
     </span>
     <span class='ocr_line' id='line_1_36' title="bbox 222 3923 1374 4002; baseline -0.005 -16"><span class='ocrx_word' id='word_1_311' title='bbox 222 3926 377 3988; x_wconf 88' lang='lat' dir='ltr'><strong>laboribus</strong></span> <span class='ocrx_word' id='word_1_312' title='bbox 389 3927 530 3989; x_wconf 83' lang='lat' dir='ltr'><strong>ccclesias</strong></span> <span class='ocrx_word' id='word_1_313' title='bbox 543 3926 648 3988; x_wconf 90' lang='lat' dir='ltr'><strong>diebus</strong></span> <span class='ocrx_word' id='word_1_314' title='bbox 662 3932 780 3987; x_wconf 90' lang='lat' dir='ltr'><strong>tantum</strong></span> <span class='ocrx_word' id='word_1_315' title='bbox 794 3924 878 3987; x_wconf 86' lang='lat' dir='ltr'><strong>lestis</strong></span> <span class='ocrx_word' id='word_1_316' title='bbox 899 3923 1027 4000; x_wconf 90' lang='lat' dir='ltr'><strong>adeunt,</strong></span> <span class='ocrx_word' id='word_1_317' title='bbox 1046 3929 1221 3984; x_wconf 87' lang='lat' dir='ltr'><strong>sanctorum</strong></span> <span class='ocrx_word' id='word_1_318' title='bbox 1239 3923 1374 4002; x_wconf 81' lang='lat' dir='ltr'><strong>Aposto-</strong></span> 
     </span>
     <span class='ocr_line' id='line_1_37' title="bbox 222 4016 1372 4102; baseline -0.005 -20"><span class='ocrx_word' id='word_1_319' title='bbox 222 4023 321 4085; x_wconf 88' lang='lat' dir='ltr'><strong>lorum</strong></span> <span class='ocrx_word' id='word_1_320' title='bbox 342 4040 378 4083; x_wconf 88' lang='lat' dir='ltr'><strong>ac</strong></span> <span class='ocrx_word' id='word_1_321' title='bbox 398 4023 581 4102; x_wconf 81' lang='lat' dir='ltr'><strong>Martyrum,</strong></span> <span class='ocrx_word' id='word_1_322' title='bbox 602 4038 733 4102; x_wconf 88' lang='lat' dir='ltr'><strong>quorum</strong></span> <span class='ocrx_word' id='word_1_323' title='bbox 754 4019 959 4082; x_wconf 86' lang='lat' dir='ltr'><strong>solemnitates</strong></span> <span class='ocrx_word' id='word_1_324' title='bbox 986 4017 1123 4100; x_wconf 89' lang='lat' dir='ltr'><strong>superins</strong></span> <span class='ocrx_word' id='word_1_325' title='bbox 1144 4016 1372 4098; x_wconf 86' lang='lat' dir='ltr'><strong>abrogavimus,</strong></span> 
     </span>
     <span class='ocr_line' id='line_1_38' title="bbox 222 4112 1373 4199; baseline -0.009 -17"><span class='ocrx_word' id='word_1_326' title='bbox 222 4119 401 4182; x_wconf 72' lang='lat' dir='ltr'><strong>nemoriam</strong></span> <span class='ocrx_word' id='word_1_327' title='bbox 416 4127 549 4197; x_wconf 89' lang='lat' dir='ltr'><strong>servent,</strong></span> <span class='ocrx_word' id='word_1_328' title='bbox 575 4139 612 4181; x_wconf 87' lang='lat' dir='ltr'><strong>ac</strong></span> <span class='ocrx_word' id='word_1_329' title='bbox 629 4127 819 4196; x_wconf 87' lang='lat' dir='ltr'><strong>venerentur,</strong></span> <span class='ocrx_word' id='word_1_330' title='bbox 840 4120 980 4181; x_wconf 91' lang='lat' dir='ltr'><strong>volumus</strong></span> <span class='ocrx_word' id='word_1_331' title='bbox 999 4137 1035 4181; x_wconf 91' lang='lat' dir='ltr'><strong>ac</strong></span> <span class='ocrx_word' id='word_1_332' title='bbox 1052 4117 1255 4199; x_wconf 71' lang='lat' dir='ltr'><strong>precipimus,</strong></span> <span class='ocrx_word' id='word_1_333' title='bbox 1272 4119 1306 4173; x_wconf 94' lang='lat' dir='ltr'><strong>ut</strong></span> <span class='ocrx_word' id='word_1_334' title='bbox 1325 4112 1373 4173; x_wconf 87' lang='lat' dir='ltr'><strong>die</strong></span> 
     </span>
     <span class='ocr_line' id='line_1_39' title="bbox 224 4209 1373 4298; baseline -0.003 -23"><span class='ocrx_word' id='word_1_335' title='bbox 224 4216 348 4293; x_wconf 74' lang='lat' dir='ltr'><strong>asiuaii</strong></span> <span class='ocrx_word' id='word_1_336' title='bbox 374 4217 453 4278; x_wconf 88' lang='lat' dir='ltr'><strong>ultra</strong></span> <span class='ocrx_word' id='word_1_337' title='bbox 472 4217 654 4298; x_wconf 81' lang='lat' dir='ltr'><strong>praeeipuam</strong></span> <span class='ocrx_word' id='word_1_338' title='bbox 669 4218 765 4279; x_wconf 88' lang='lat' dir='ltr'><strong>sancti</strong></span> <span class='ocrx_word' id='word_1_339' title='bbox 787 4219 864 4279; x_wconf 90' lang='lat' dir='ltr'><strong>Petri</strong></span> <span class='ocrx_word' id='word_1_340' title='bbox 880 4225 911 4279; x_wconf 93' lang='lat' dir='ltr'><strong>et</strong></span> <span class='ocrx_word' id='word_1_341' title='bbox 924 4217 1009 4280; x_wconf 90' lang='lat' dir='ltr'><strong>Pauli</strong></span> <span class='ocrx_word' id='word_1_342' title='bbox 1021 4214 1257 4286; x_wconf 83' lang='lat' dir='ltr'><strong>solemnitatem,</strong></span> <span class='ocrx_word' id='word_1_343' title='bbox 1280 4209 1373 4272; x_wconf 87' lang='lat' dir='ltr'><strong>etiarn</strong></span> 
     </span>
     <span class='ocr_line' id='line_1_40' title="bbox 223 4307 1373 4395; baseline -0.004 -23"><span class='ocrx_word' id='word_1_344' title='bbox 223 4312 352 4374; x_wconf 89' lang='lat' dir='ltr'><strong>aliorum</strong></span> <span class='ocrx_word' id='word_1_345' title='bbox 365 4314 596 4395; x_wconf 73' lang='lat' dir='ltr'><strong>Apostolos-vnn,</strong></span> <span class='ocrx_word' id='word_1_346' title='bbox 616 4322 646 4377; x_wconf 89' lang='lat' dir='ltr'><strong>et</strong></span> <span class='ocrx_word' id='word_1_347' title='bbox 660 4314 709 4376; x_wconf 92' lang='lat' dir='ltr'><strong>die</strong></span> <span class='ocrx_word' id='word_1_348' title='bbox 734 4326 770 4376; x_wconf 78' lang='lat' dir='ltr'><strong>aa</strong></span> <span class='ocrx_word' id='word_1_349' title='bbox 791 4314 958 4376; x_wconf 89' lang='lat' dir='ltr'><strong>decembris</strong></span> <span class='ocrx_word' id='word_1_350' title='bbox 977 4314 1055 4375; x_wconf 89' lang='lat' dir='ltr'><strong>ultra</strong></span> <span class='ocrx_word' id='word_1_351' title='bbox 1076 4308 1260 4391; x_wconf 78' lang='lat' dir='ltr'><strong>precipuum</strong></span> <span class='ocrx_word' id='word_1_352' title='bbox 1278 4307 1373 4368; x_wconf 72' lang='lat' dir='ltr'><strong>sandi</strong></span> 
     </span>
     <span class='ocr_line' id='line_1_41' title="bbox 223 4397 1373 4488; baseline -0.007 -19"><span class='ocrx_word' id='word_1_353' title='bbox 223 4407 365 4488; x_wconf 82' lang='lat' dir='ltr'><strong>Stephani</strong></span> <span class='ocrx_word' id='word_1_354' title='bbox 399 4397 515 4472; x_wconf 80' lang='lat' dir='ltr'><strong>testum</strong></span> <span class='ocrx_word' id='word_1_355' title='bbox 538 4411 631 4474; x_wconf 86' lang='lat' dir='ltr'><strong>etiarn</strong></span> <span class='ocrx_word' id='word_1_356' title='bbox 660 4411 787 4472; x_wconf 88' lang='lat' dir='ltr'><strong>aliorum</strong></span> <span class='ocrx_word' id='word_1_357' title='bbox 815 4413 994 4474; x_wconf 87' lang='lat' dir='ltr'><strong>Sanctorum</strong></span> <span class='ocrx_word' id='word_1_358' title='bbox 1029 4409 1195 4485; x_wconf 80' lang='lat' dir='ltr'><strong>Martyrum</strong></span> <span class='ocrx_word' id='word_1_359' title='bbox 1211 4419 1212 4422; x_wconf 71' lang='grc'>’</span> <span class='ocrx_word' id='word_1_360' title='bbox 1226 4402 1373 4467; x_wconf 86' lang='lat' dir='ltr'><strong>memoria</strong></span> 
     </span>
    </p>
   </div>
   <div class='ocr_carea' id='block_1_3' title="bbox 222 4498 1373 4662">
    <p class='ocr_par' dir='ltr' id='par_1_3' title="bbox 222 4498 1373 4662">
     <span class='ocr_line' id='line_1_42' title="bbox 222 4498 1373 4587; baseline -0.006 -21"><span class='ocrx_word' id='word_1_361' title='bbox 222 4499 399 4567; x_wconf 87' lang='lat' dir='ltr'><strong>celebretur.</strong></span> <span class='ocrx_word' id='word_1_362' title='bbox 423 4498 520 4582; x_wconf 75' lang='lat' dir='ltr'><strong>Quare</strong></span> <span class='ocrx_word' id='word_1_363' title='bbox 541 4507 591 4568; x_wconf 90' lang='lat' dir='ltr'><strong>die</strong></span> <span class='ocrx_word' id='word_1_364' title='bbox 613 4518 650 4569; x_wconf 77' lang='lat' dir='ltr'><strong>aa</strong></span> <span class='ocrx_word' id='word_1_365' title='bbox 662 4503 755 4587; x_wconf 83' lang='lat' dir='ltr'><strong>junii,</strong></span> <span class='ocrx_word' id='word_1_366' title='bbox 773 4507 803 4568; x_wconf 92' lang='lat' dir='ltr'><strong>in</strong></span> <span class='ocrx_word' id='word_1_367' title='bbox 826 4506 1003 4569; x_wconf 87' lang='lat' dir='ltr'><strong>calendariis</strong></span> <span class='ocrx_word' id='word_1_368' title='bbox 1025 4500 1233 4564; x_wconf 80' lang='lat' dir='ltr'><strong>ecclesiasticis</strong></span> <span class='ocrx_word' id='word_1_369' title='bbox 1255 4501 1297 4560; x_wconf 90' lang='lat' dir='ltr'><strong>ita</strong></span> <span class='ocrx_word' id='word_1_370' title='bbox 1310 4498 1373 4560; x_wconf 85' lang='lat' dir='ltr'><strong>ies-</strong></span> 
     </span>
     <span class='ocr_line' id='line_1_43' title="bbox 1232 4610 1261 4662; baseline 0 0"><span class='ocrx_word' id='word_1_371' title='bbox 1232 4610 1261 4662; x_wconf 85' lang='grc'><strong>11</strong></span> 
     </span>
    </p>
   </div>
   <div class='ocr_carea' id='block_1_4' title="bbox 0 0 1602 5354">
    <p class='ocr_par' dir='ltr' id='par_1_4' title="bbox 0 0 1602 5354">
     <span class='ocr_line' id='line_1_44' title="bbox 0 0 1602 5354; baseline 0 3"><span class='ocrx_word' id='word_1_372' title='bbox 0 0 1602 5354; x_wconf 95' lang='lat' dir='ltr'><strong> </strong></span> 
     </span>
    </p>
   </div>
  </div>
 </body>
</html>
