3194 5354
652 447 854 502 curaturus
873 448 939 505 xlv

735 614 849 685 extu.

630 768 820 812 vlntmnu
842 769 957 812 ΙΙΔΤΙΙ

349 874 521 934 ANTONIO
542 875 716 937 EUGENIO
737 876 1040 937 ARGfllEPISCbPO
1061 875 1252 936 nunusluo

257 990 429 1040 anuinium
445 991 579 1049 rosano,
596 991 635 1039 m
651 991 854 1040 mosrouca
870 990 960 1040 sams
975 992 1008 1040 nv
1024 990 1341 1050 emmerammo,

530 1085 764 1166 CLEMENS
792 1088 922 1166 ΡΑΡΑ
950 1091 1057 1169 XIV.

925 1240 1019 1299 bomar,
1033 1243 1062 1290 ti
1075 1238 1213 1289 novembris
1224 1243 1292 1289 ¹770.

263 1328 465 1399 Venerabilis,
479 1333 536 1388 etc.
560 1327 706 1408 Exposuit
725 1327 818 1388 Nobis
836 1326 993 1389 carissima
1007 1327 1037 1389 in
1058 1327 1175 1389 Christo
1190 1326 1252 1387 filia
1268 1333 1372 1388 nostra

218 1425 313 1487 Maria
325 1424 467 1487 Therasia
476 1423 634 1504 Hungariae
647 1424 760 1504 Regina
773 1424 1085 1504 apostonca,necn0n
1098 1423 1248 1487 Bobemioe
1257 1420 1372 1502 Regina

219 1521 347 1583 {ilustris
358 1519 388 1581 in
398 1523 604 1583 Romanorum
615 1519 841 1601 imperatricem
852 1515 954 1582 Electa
966 1519 1075 1601 Vidua,
1088 1521 1118 1583 in
1130 1519 1238 1602 amplis
1247 1536 1371 1581 suorum

219 1636 381 1698 rognomm
394 1618 579 1694 Ditionibus,
595 1634 665 1679 cum
677 1634 741 1679 esse
761 1616 908 1680 festorum
922 1618 1040 1680 dierum
1054 1636 1235 1695 numerum,
1251 1623 1286 1679 ut
1299 1616 1372 1699 piu-

219 1713 331 1776 rimum
345 1715 449 1776 obesse
460 1732 531 1776 cum
543 1713 664 1776 utilitati
677 1714 820 1795 publica,
833 1721 898 1777 tum
910 1715 1043 1798 religioni
1063 1717 1120 1800 ipsi
1132 1716 1269 1780 videatur
1276 1740 1285 1794 ;
1298 1732 1371 1778 nam

219 1817 250 1872 et
271 1812 454 1873 necessarias
478 1809 693 1892 agricolarum,
720 1809 929 1894 artificumque
954 1831 1061 1896 operas
1081 1832 1160 1896 saepe
1182 1810 1322 1897 impedit,
1338 1819 1369 1874 et

219 1908 260 1969 ob
271 1907 429 1970 bominum
443 1907 624 1990 pravitatem
639 1909 736 1990 magis
749 1907 829 1971 lovet
843 1909 955 1990 otium,
970 1928 1066 1994 eaque
1084 1931 1152 1994 quac
1166 1931 1205 1974 ex
1223 1909 1285 1973 otio
1298 1908 1370 1972 oriri

219 2005 291 2069 vitia
319 2007 431 2082 solent,
458 2025 550 2090 quam
571 2007 674 2089 pietati
699 2007 860 2089 divinoque
881 2009 975 2072 cultui
998 2010 1160 2074 conducat.
1187 2013 1277 2072 Anno
1299 2008 1372 2091 qui-

217 2103 288 2164 dem
310 2104 473 2167 uncuuu
492 2104 729 2185 sapientissimus
745 2105 948 2186 prmdccessor
969 2115 1071 2172 noster
1096 2127 1140 2172 sa.
1156 2123 1248 2170 mem.
1271 2106 1372 2169 Berre-

218 2200 317 2263 dictus
340 2202 420 2278 xiv,
443 2202 594 2264 nonnullis
616 2200 728 2264 idcirco
750 2203 857 2266 dicbus
876 2202 1006 2284 festivis,
1030 2206 1096 2289 ipsa
1119 2207 1161 2268 ita
1182 2203 1371 2286 postulante,

219 2300 369 2380 Populum
381 2297 480 2362 eidem
495 2300 665 2380 subjectum
679 2299 717 2361 ad
734 2301 916 2365 audiendum
931 2318 1051 2367 sacrum
1073 2300 1264 2366 solummodo
1277 2301 1372 2364 teneri

218 2398 369 2475 decrevit,
382 2399 442 2461 alia
457 2417 528 2460 vero
542 2416 603 2459 non
618 2397 853 2461 exercendorum
866 2399 1019 2463 servilium
1030 2417 1159 2483 operum
1169 2401 1251 2480 leges
1264 2395 1370 2460 solvit:

219 2495 272 2556 sed
286 2495 470 2576 experientia
482 2513 574 2577 porro
586 2502 776 2577 compertum
786 2514 853 2559 esse
866 2499 908 2560 ait
920 2496 1213 2582 accomprobatum,
1226 2497 1326 2559 nullos
1336 2513 1372 2557 ex

218 2612 257 2655 ca
268 2594 462 2656 concessione
481 2592 597 2655 fructus
611 2590 757 2666 ertitisse;
776 2610 873 2674 neque
893 2595 1092 2678 imposterum
1108 2593 1254 2658 extituros
1267 2598 1370 2676 putat,

219 2689 275 2752 nisi
290 2690 392 2770 plures
407 2688 505 2752 adbuc
516 2688 614 2752 festivi
629 2688 693 2752 dies
713 2708 766 2771 per
780 2691 841 2753 Nos
852 2692 1080 2771 imminuantur,
1096 2709 1131 2755 ac
1146 2706 1270 2773 prorsus
1282 2688 1373 2752 toba-

220 2797 280 2867 tur,
296 2786 378 2869 quod
402 2789 548 2851 hactenus
570 2787 719 2868 reliquum
736 2796 820 2867 erat,
842 2790 919 2853 sacri
940 2791 977 2854 iis
997 2789 1104 2854 diebus
1127 2787 1267 2852 audiendi
1282 2804 1371 2850 onus.

218 2886 294 2947 Cum
313 2884 378 2947 baec
391 2884 481 2966 igitur
499 2883 725 2966 Angustissimae
743 2885 863 2968 Regium
875 2887 1027 2950 nominer
1044 2882 1138 2950 Nobis
1149 2883 1374 2966 dibgcntim

218 2981 419 3064 postulentur,
435 2988 558 3064 tamque
578 2999 685 3063 graves
703 2982 869 3048 alteramur
886 3003 1001 3064 causoe,
1016 2984 1115 3049 iacere
1127 2984 1251 3047 minime
1262 3000 1373 3065 possu-

219 3097 303 3155 mus,
319 3085 353 3139 ut
370 3095 427 3158 pro
448 3083 553 3139 nosue
569 3075 661 3140 etiam
676 3076 817 3159 singulari
836 3079 865 3142 in
884 3099 951 3143 eam
970 3081 1095 3145 caritate
1113 3080 1211 3144 eidem
1224 3087 1288 3142 tam
1304 3086 1372 3141 stu·

217 3174 318 3250 dinae,
341 3181 372 3235 et
387 3172 426 3235 rte
447 3174 604 3255 religione,
622 3182 654 3236 ct
666 3173 705 3237 de
726 3175 848 3257 publica
865 3177 991 3240 utibtate
1017 3178 1180 3241 Nobiscum
1200 3174 1295 3257 agmti
1308 3192 1369 3237 non

217 3272 434 3351 obsequamur.
453 3272 573 3333 Nullam
588 3272 689 3353 itaque
704 3275 963 3355 interponeremus
977 3276 1018 3339 rei
1032 3295 1086 3358 per
1104 3277 1165 3338 Nos
1177 3269 1370 3356 suscipienti&

221 3389 258 3433 ac
271 3369 464 3432 decemendae
479 3387 614 3447 moram,
639 3372 694 3434 nisi
707 3392 743 3434 ea
757 3375 818 3436 Nos
832 3376 974 3438 retineret
989 3377 1148 3458 cogitatio,
1167 3377 1198 3438 in
1217 3380 1301 3438 tauta
1320 3389 1372 3434 rc·

218 3486 349 3551 gnorum
364 3467 576 3549 amplitudine,
601 3486 637 3531 ac
660 3471 844 3551 Populorum
859 3473 1037 3537 conditionis
1060 3471 1304 3554 necessitatisque
1317 3488 1372 3531 va-

220 3567 326 3630 rietate
339 3565 474 3630 accidere
492 3564 579 3629 tacite
598 3585 703 3650 posse,
719 3577 752 3631 ut
771 3587 831 3632 una
844 3571 1010 3654 eademque
1025 3571 1219 3634 concessione
1237 3586 1299 3632 non
1310 3573 1374 3630 tam

221 3666 297 3729 bena
307 3667 513 3729 consuleretur
525 3664 665 3729 omnibus
675 3713 683 3744 ,
694 3684 787 3748 quam
799 3668 823 3731 si
833 3669 875 3732 ita
884 3675 987 3732 nostra
997 3669 1226 3732 moderaremur
1235 3668 1371 3740 Decreta,

221 3771 256 3824 ut
267 3763 374 3843 cuique
388 3763 499 3825 nationi
516 3782 551 3826 ac
567 3765 695 3846 populo,
708 3781 776 3846 quae
790 3766 1047 3844 convenientiora,
1061 3772 1092 3828 et
1107 3766 1145 3830 ad
1158 3763 1294 3826 divinum
1312 3760 1374 3823 cul·

221 3870 303 3938 tum,
318 3858 397 3920 etad
411 3860 527 3922 civilem
540 3861 714 3924 societatem
729 3870 846 3940 essent,
861 3880 896 3925 ea
905 3863 1036 3927 maxime
1051 3862 1240 3943 largiremur.
1251 3863 1292 3922 At
1303 3876 1373 3921 cum

221 3957 323 4021 omnia
339 3955 508 4036 singillatim
522 3960 663 4038 cognosci
678 3979 695 4021 a
716 3960 808 4022 Nobis
828 3967 919 4042 atque
939 3961 1064 4044 expendi
1084 3962 1114 4022 in
1132 3967 1217 4022 tauta
1235 3961 1373 4022 iocorum

220 4055 363 4119 distantia
374 4053 460 4115 iaciie
474 4071 534 4113 non
547 4055 679 4134 possint,
692 4064 786 4118 totam
798 4057 924 4137 hujusce
935 4056 978 4121 rei
998 4057 1210 4121 tractationem
1221 4053 1374 4118 mandan-
1463 4084 1473 4103 κ

220 4151 367 4230 (lambibi,
383 4150 568 4214 Venerabilis
577 4154 690 4225 Frater,
704 4154 855 4233 duximus,
865 4174 935 4218 cum
946 4162 1005 4219 tuoe
1015 4155 1096 4231 iidei,
1112 4151 1267 4236 diligentia
1276 4150 1375 4213 consi·

224 4248 322 4328 lioque
342 4252 404 4313 sine
417 4250 479 4312 ulla
496 4248 681 4310 dubitatione
695 4270 816 4331 prorsus
834 4253 1069 4333 acquiescamus.
1087 4255 1132 4313 'lu
1148 4249 1235 4313 isthic
1250 4247 1310 4311 loni
1324 4266 1374 4325 ea,

225 4345 275 4407 ubi
290 4344 403 4408 inciiius
415 4349 527 4421 omnia,
539 4365 607 4428 quae
619 4347 657 4408 ad
670 4367 732 4408 rem
746 4349 907 4429 pertinent,
920 4349 1075 4429 inspicere,
1091 4346 1254 4425 docerique
1266 4342 1374 4425 possis,

222 4460 319 4522 eaque
331 4445 601 4522 porrodeerrnerc,
614 4464 680 4525 qua
693 4445 826 4507 addivini
841 4445 955 4521 cuitus,
966 4454 995 4506 et
1005 4446 1042 4508 ad
1054 4444 1182 4526 publicae
1192 4442 1373 4524 populorum
