3194 5354
226 498 261 546 22
654 487 859 543 Cluuienus
875 488 939 541 xlv

225 597 377 659 Sidensem
401 595 440 657 ad
458 595 627 656 nobilitates
648 599 761 654 vestras
784 592 949 668 mittimus,
973 600 1006 653 ut
1027 594 1108 674 apud
1123 595 1256 657 inclitam
1280 599 1378 664 istam

224 694 441 774 rempublicam
454 692 546 754 nostri
562 698 592 752 et
608 691 778 772 apostolicae
790 689 869 752 sedis
880 690 1022 751 ordinarii
1036 693 1133 752 nuntii
1146 694 1235 755 obeat
1247 714 1374 760 munus.

223 794 328 854 Virum
342 791 562 874 spectatissimo
577 807 702 869 genere,
717 795 748 851 et
761 789 841 870 ipsa,
855 807 949 873 quam
960 789 1052 868 gerit,
1064 810 1194 871 persona
1212 812 1377 857 common-

221 892 337 969 datum,
346 896 489 972 preterea
501 890 613 970 pietate
619 907 799 970 morumque
808 890 1164 971 integritate,rerunque
1170 893 1374 972 gerendarum

222 990 379 1070 prudentia
389 989 548 1071 praeditum
560 1006 621 1050 non
633 997 678 1051 est
689 1007 743 1051 cur
754 989 889 1069 longiore
900 1007 1038 1052 sermone
1046 990 1153 1052 vestris
1162 990 1374 1054 nobilitatibus

222 1089 479 1151 commendemus.
496 1091 563 1169 lpse
574 1088 655 1150 enim
668 1088 829 1150 virtutibus
840 1088 902 1150 suis
912 1087 1054 1149 eximiam
1067 1087 1288 1149 humanitatem
1301 1108 1374 1151 res-

221 1193 300 1246 tram
312 1185 398 1247 facile
410 1186 466 1246 sibi
480 1186 645 1263 devinciet,
657 1193 815 1267 vestraque
824 1204 896 1267 erga
909 1187 971 1247 Nos
982 1186 1090 1267 pictas,
1103 1204 1138 1246 ac
1154 1186 1372 1264 vetustissima,

221 1301 282 1362 qua
296 1283 327 1343 in
342 1281 490 1344 catholica
505 1282 632 1344 ecclesia
644 1283 708 1361 jam
727 1283 906 1345 inclaruistis
917 1300 988 1362 erga
1005 1282 1083 1343 banc
1095 1300 1211 1344 sacram
1232 1286 1266 1344 B.
1290 1285 1373 1346 Petri

221 1379 323 1441 sedem
339 1379 528 1441 observantia
541 1385 649 1460 sponte
662 1398 717 1442 sua
728 1380 843 1440 bomini
857 1379 963 1440 larerit
984 1378 1014 1440 in
1031 1379 1067 1439 iis
1080 1379 1247 1460 praesertim
1261 1381 1371 1460 rebus,

220 1496 287 1557 quae
299 1477 336 1538 ad
350 1476 401 1538 bei
419 1477 568 1537 honorem
580 1483 612 1537 et
620 1476 748 1555 gloriam
762 1477 990 1556 animarumque
1005 1476 1133 1537 salutem
1148 1477 1280 1539 maxime
1297 1497 1374 1559 per·-

220 1575 326 1635 tinent.
341 1574 385 1635 llli
396 1579 509 1650 autem,
522 1591 613 1653 quam
622 1573 714 1634 Nobis
726 1573 797 1655 ipsis
807 1591 911 1635 coram
923 1573 1086 1650 haberetis,
1097 1574 1229 1654 petimus
1240 1595 1258 1636 a
1270 1577 1372 1655 vobis,

219 1672 319 1733 dilecti
335 1671 404 1747 filii,
420 1671 536 1732 nobiles
554 1670 608 1732 viri
619 1719 627 1748 ,
640 1671 778 1735 eamdem
790 1678 823 1732 ut
836 1672 926 1733 lldem
944 1671 1127 1749 adhibeatis,
1143 1672 1288 1754 vobisque
1300 1693 1374 1736 om-

220 1769 319 1846 nibus,
339 1775 369 1830 ct
382 1768 525 1829 universae
537 1775 641 1831 vcstrae
653 1768 843 1851 reipublicae,
861 1787 954 1849 quam
968 1770 998 1830 in
1011 1777 1142 1850 patemae
1156 1772 1291 1834 caritatis
1302 1792 1374 1835 nos·

220 1875 274 1928 trae
282 1868 413 1946 gerimus
423 1867 955 1948 sinu,apostolicambenedicti0nem
964 1875 1156 1949 peramanter
1165 1871 1372 1951 impertimur.
1443 1874 1445 1880 ‘

220 1969 335 2038 Datum
347 1967 456 2037 Romoe,
475 1974 543 2037 etc„
561 1978 597 2028 20
611 1972 733 2046 augusti
749 1977 838 2043 1769,
849 1969 1040 2045 pontificatus
1051 1972 1148 2029 nostri
1164 1987 1245 2030 auno
1256 1974 1371 2048 primo.

735 2193 855 2262 XXVI.

568 2352 712 2395 retusum
735 2352 773 2392 uc
795 2349 1022 2395 rorunmssrrro

430 2459 670 2529 bunoculo,
698 2457 904 2518 PRINCIPI
929 2457 1158 2528 GEORGIAE,

529 2581 765 2659 crannus
792 2583 920 2661 rara
950 2550 1057 2658 xiv.

954 2734 1044 2790 Rome,
1057 2737 1087 2780 tt
1099 2732 1194 2792 augusti
1211 2736 1276 2783 17⁶9.

259 2838 398 2901 Illustris
418 2856 454 2898 uc
471 2842 679 2916 potentissime
688 2843 830 2917 princeps
843 2841 974 2900 sulutem
995 2841 1141 2899 etlumen
1164 2840 1276 2900 diuino
1294 2858 1374 2917 pro-

220 2938 287 3011 tioe,
299 2942 355 2997 etc.
375 2935 557 3015 Magnopere
576 2933 668 2996 Nobis
686 2939 806 3014 gratum
824 2933 933 2995 accidit
944 2934 974 2995 in
994 2933 1053 2996 boo
1065 2934 1159 2996 nostri
1175 2934 1373 3015 pontificatus

218 3033 342 3096 exordio
356 3039 463 3099 nactos
482 3034 543 3095 Nos
563 3051 628 3096 esse
648 3032 907 3115 opportunitatem
923 3031 1098 3094 celsitudini
1122 3038 1181 3094 tuae
1201 3032 1371 3114 scribendi,

219 3133 305 3209 eujus
327 3132 461 3210 generosi
483 3151 519 3193 ac
538 3131 708 3213 prestantis
730 3129 822 3192 animi
840 3129 946 3210 laudes
969 3131 1149 3191 Nostrorum
1170 3130 1303 3192 virorum
1322 3132 1373 3194 lit-

220 3229 307 3305 teris,
321 3248 356 3288 ac
367 3231 433 3309 ipsa
445 3231 537 3290 etiam
550 3230 632 3293 lama
651 3235 681 3288 ct
692 3246 814 3289 rumore
827 3227 946 3288 assidue
965 3228 1002 3289 ad
1021 3229 1083 3289 Nos
1095 3227 1296 3308 perferuntur.
1307 3230 1372 3290 Pri·

220 3342 305 3389 inum
319 3325 409 3404 igitur
420 3325 475 3385 tibi
489 3326 628 3386 maximae
646 3331 716 3385 sunt
730 3324 866 3401 aNobis,
879 3332 914 3386 ut
925 3344 962 3384 ex
979 3325 1081 3387 animo
1091 3325 1231 3404 iacimus,
1248 3328 1372 3407 agendar

220 3423 335 3506 gratiae,
347 3424 428 3504 quod
440 3423 578 3484 homines
588 3423 639 3502 qui
652 3422 682 3482 in
694 3421 800 3482 eadem
808 3422 966 3483 nobiscum
978 3423 1047 3485 fidei
1059 3424 1272 3502 conjunctione
1282 3434 1366 3505 sunt,

220 3523 372 3604 Nobisque
403 3521 582 3603 obsequium
605 3540 640 3581 ac
660 3520 864 3583 obedientiam
887 3527 1047 3602 prestant,
1078 3529 1137 3583 tuae
1162 3522 1371 3602 benignitatis,

219 3621 302 3702 quod
316 3621 481 3704 plurimum
497 3616 735 3696 commendaris,
754 3619 851 3698 gratia
863 3621 950 3698 juves
968 3638 1002 3681 ac
1015 3625 1166 3699 protegas.
1186 3621 1299 3683 Deinde
1312 3623 1372 3684 boc

221 3724 286 3802 ipsa
305 3731 357 3782 tua
382 3720 472 3782 animi
500 3717 656 3779 nobilitate
670 3717 738 3779 lreti
757 3719 885 3780 fidenter
907 3737 925 3780 a
945 3724 975 3779 te
999 3718 1149 3800 petimus,
1171 3725 1261 3799 teque
1279 3721 1371 3783 etiam

220 3827 310 3900 atque
324 3820 415 3880 etiam
428 3837 581 3897 rogamus,
596 3824 648 3895 ut,
663 3817 755 3898 quiin
772 3825 825 3879 tua
840 3817 970 3878 dictione
985 3823 1055 3878 sunt
1068 3817 1207 3878 catholici
1220 3864 1227 3893 ‚
1242 3838 1278 3879 ac
1290 3836 1373 3898 prae-

220 3918 326 3980 scrtim
341 3916 500 3996 cappucini
527 3922 645 3996 patres,
669 3916 721 3996 qui
743 3915 831 3977 isthic
853 3915 1004 3994 religionis
1024 3933 1096 3994 erga
1120 3922 1295 3988 versantur,
1318 3923 1372 3980 tuo

220 4015 359 4097 praesidio
374 4014 572 4094 inposterum
588 4015 626 4074 ab
641 4012 863 4076 adversantium
877 4012 1101 4093 oppugnatione
1118 4019 1234 4093 tegere,
1249 4017 1371 4076 actuari

220 4135 275 4195 pro
287 4116 331 4176 tui
345 4114 436 4176 animi
449 4113 654 4192 magnitudine
664 4112 747 4174 uelis.
764 4112 807 4186 Illi
823 4112 944 4193 quidem
952 4112 1025 4173 nihil
1042 4111 1183 4174 adversus
1196 4112 1373 4191 quempiam

222 4215 385 4276 moliuntur
401 4213 485 4291 mali,
497 4213 640 4274 virtutem
651 4213 770 4289 colunt,
787 4212 838 4273 Dei
852 4220 1001 4293 praeopta
1012 4211 1170 4290 legemque
1191 4218 1372 4288 promovent

220 4311 344 4372 caritate
358 4312 388 4372 in
399 4331 505 4374 omncs
525 4309 705 4387 afficiantur,
725 4311 854 4391 publicar
868 4311 934 4392 paci
950 4329 985 4370 ao
1006 4307 1215 4389 tranquillitati
1228 4306 1370 4385 student,

221 4408 294 4468 nibil
308 4414 408 4469 tamen
421 4412 521 4472 minus
544 4410 736 4471 inimieorum
750 4412 796 4471 rel
813 4413 839 4471 ri
859 4413 904 4472 vel
915 4409 1020 4471 lraude
1039 4427 1117 4490 saepe
1132 4406 1231 4468 solum
1256 4411 1371 4468 vertero

221 4513 290 4575 sunt
301 4508 397 4569 coacti
408 4554 417 4586 ,
430 4528 526 4592 nequo
541 4528 676 4592 unquam
690 4512 796 4574 reverti
813 4511 910 4573 isthuc
926 4509 1104 4591 potuissent,
1120 4505 1175 4569 nisi
1190 4511 1249 4570 tua
1264 4505 1371 4576 buma-
