3194 5354
243 535 292 586 ldl
670 526 872 581 asnensis
889 527 954 584 xlv
988 547 992 555 ·

242 635 322 696 idern
337 633 521 695 nuncetiam
536 649 655 694 summo
669 638 759 713 atque
772 632 938 694 incredibili
957 632 1057 695 studio
1067 640 1263 715 praestamus3
1279 640 1389 719 teque,

242 731 432 794 Venerabilis
456 734 570 808 Frater,
595 730 677 792 bisce
695 730 787 792 iiteris
816 731 927 792 nostris
950 731 1119 812 specialiter
1143 732 1333 813 deputamus
1350 735 1390 797 ad

238 828 446 910 excipiendam
462 829 491 890 in
512 844 620 890 manus
636 836 719 906 tuas,
744 827 929 906 religiosam,
948 846 1042 909 quam
1060 828 1167 890 eadem
1193 828 1390 894 ddeoboeima

238 928 269 988 in
283 926 402 988 Christo
417 926 479 988 filia
499 932 603 988 nostra
627 926 773 987 emissura
792 925 865 1003 erit,
884 932 1025 988 votorum
1038 925 1275 1007 professionem,
1296 935 1389 1010 amare

236 1025 279 1086 ita
297 1023 500 1100 destinamus,
519 1030 552 1085 nt
571 1023 601 1084 in
611 1041 648 1085 ea
659 1023 828 1105 peragenda
842 1023 1019 1086 ceremonia
1032 1030 1151 1086 nostras
1163 1042 1292 1105 prorsus
1307 1027 1389 1090 vices

237 1140 325 1205 agere
332 1129 381 1201 te,
396 1129 558 1203 nostroque
571 1121 693 1184 nornine
704 1140 815 1185 munus
829 1122 860 1184 id
871 1121 1107 1200 obirevelimus3
1117 1129 1153 1184 ut
1162 1122 1294 1202 scilicet,
1309 1142 1386 1206 qno-

236 1219 275 1281 ad
288 1219 352 1282 lieri
374 1225 493 1300 potest,
513 1219 611 1299 major
624 1225 656 1280 et
671 1218 837 1282 devotionis
849 1225 880 1281 et
894 1217 1047 1299 dignitatis
1060 1219 1114 1280 fiat
1128 1219 1261 1282 accoesio
1275 1227 1308 1282 et
1323 1222 1385 1285 Nos

235 1316 292 1399 ipsi
304 1318 371 1397 ejus
385 1316 510 1380 actionis
523 1322 639 1399 partem
659 1316 791 1397 aliquam
801 1316 914 1378 babere
930 1315 1023 1377 Nobis
1034 1313 1203 1395 videamur,
1216 1316 1270 1398 qni
1281 1318 1384 1380 maxi—

234 1432 317 1477 mam
330 1415 477 1478 habemus
488 1415 607 1492 lutitiae,
620 1433 713 1497 quam
726 1432 797 1477 cum
811 1414 877 1495 ipsa
886 1413 1022 1493 ejusdem
1033 1414 1243 1478 amantissimo
1253 1418 1383 1481 Parente

238 1511 393 1575 carissimo
406 1513 435 1575 in
449 1513 566 1575 Christo
582 1512 644 1575 lilio
658 1519 763 1576 nostro
779 1510 932 1575 ludovico
950 1513 1136 1574 Francorum
1156 1512 1230 1593 Regi
1241 1513 1382 1578 Christia-

234 1609 374 1689 nissimc,
388 1612 478 1692 plane
491 1610 661 1673 dividimus.

272 1708 370 1789 Atque
381 1715 416 1771 ut
427 1709 465 1771 ad
483 1727 601 1771 sacram
615 1708 820 1770 celebritatem
835 1725 955 1770 sacrum
966 1707 1059 1770 etiarn
1072 1725 1184 1770 munus
1197 1706 1378 1790 altmannus,

232 1805 401 1886 spirituales
430 1805 561 1868 thesauri
581 1805 739 1886 largitione
766 1822 927 1867 commune
957 1804 1043 1867 istius
1074 1805 1242 1885 presertim
1259 1806 1379 1871 Ordinis

232 1903 377 1980 gaudium
391 1904 487 1967 multo
499 1904 621 1966 uberius
632 1903 759 1966 reddam
771 1910 804 1965 et
814 1903 997 1966 cumulatius
1006 1902 1180 1964 statuimus.
1194 1904 1298 1984 ltaque
1315 1922 1378 1986 quo

231 2000 280 2063 die
300 2002 446 2064 solemnia
465 2002 619 2083 religionis
629 2008 701 2064 vota
719 2003 750 2062 in
767 2007 835 2063 tuas
851 2018 960 2063 manus
974 1999 1068 2081 Regia
1079 1999 1246 2062 Galliarum
1261 2000 1376 2064 Princi-

229 2099 312 2180 pissa
326 2102 458 2179 emittet,
472 2100 639 2184 plenariam
655 2099 872 2180 indulgentiam
888 2106 953 2161 tam
967 2099 1024 2180 ipsi
1047 2116 1140 2180 quarn
1154 2097 1298 2161 omnibns
1310 2099 1377 2180 ejus

230 2197 404 2260 monasterii
418 2198 599 2260 monialibus
612 2196 817 2274 concedimus,
828 2215 864 2258 ac
877 2194 1015 2258 eamdem
1029 2195 1122 2257 etiam
1135 2194 1327 2259 extendimus
1337 2197 1375 2261 ad

167 2286 173 2297 '
230 2301 362 2372 ceterm,
378 2314 445 2375 quae
455 2313 509 2376 per
524 2301 619 2356 totam
632 2300 702 2356 sunt
715 2294 854 2370 Galliam,
867 2293 1034 2355 Curmilitas
1043 2292 1231 2354 excalceatus
1248 2294 1374 2375 virginea

228 2398 258 2452 et
269 2399 411 2471 praeterea
430 2391 469 2453 ad
488 2391 632 2452 moniales
646 2391 818 2453 monasterii
832 2391 1028 2452 Nannetensis
1039 2390 1078 2451 de
1095 2389 1233 2452 Calvario
1253 2409 1373 2457 nuncn-

230 2488 303 2566 pati,
314 2506 370 2568 pro
381 2488 491 2569 quibus
501 2487 557 2549 ida
567 2487 660 2549 Nobis
667 2487 858 2550 vehementer
868 2488 1001 2570 postulat
1010 2487 1207 2550 dilectissima
1216 2488 1248 2551 in
1257 2491 1375 2556 Cbristo

230 2583 291 2645 iilia
306 2591 408 2646 nostra
423 2585 556 2647 Victoria
564 2585 657 2666 Regia
672 2585 835 2647 Galliarum
853 2584 1045 2667 Principissa,
1060 2604 1128 2666 quae
1138 2584 1262 2649 easdem
1274 2597 1374 2670 patro-

229 2680 308 2743 cinio
330 2700 386 2745 suo
409 2689 510 2745 tuetur
533 2701 569 2745 ac
586 2682 677 2745 fovet.
698 2685 737 2745 Et
759 2701 821 2765 quo
845 2683 945 2746 adbuc
963 2683 1060 2764 magis
1084 2683 1116 2745 in
1143 2689 1231 2746 tanta
1253 2685 1373 2767 pietatis

230 2780 456 2860 opportunitate
481 2780 619 2842 liberales
634 2779 744 2858 simus,
767 2781 838 2859 tibi,
861 2781 1048 2845 Venerabilis
1062 2783 1177 2862 Frater,
1198 2781 1372 2849 tacnuten

229 2875 427 2958 impertimur,
443 2885 477 2940 ut
493 2877 628 2957 ejusdem
639 2877 780 2959 plenariae
795 2878 985 2959 indulgentias
1002 2879 1134 2942 salutare
1146 2900 1259 2945 munus
1270 2881 1308 2946 iis
1320 2883 1372 2945 iti-

226 2975 295 3037 dem
307 2976 443 3039 oonIeras
460 2976 604 3057 religiosis
619 2974 891 3038 communitatibus
900 2983 931 3038 et
942 2976 1090 3058 personis,
1104 2996 1171 3058 quae
1181 2980 1372 3061 tantalteg‘n

226 3072 354 3153 Virginis
380 3075 489 3137 virtute
512 3083 606 3156 captas
629 3092 665 3135 ac
684 3072 790 3135 adsue
810 3071 977 3136 devotionis
993 3074 1092 3136 studia
1109 3076 1226 3139 ceteris
1247 3078 1371 3155 coniun-

224 3171 330 3249 gendas
341 3172 534 3235 inflammatae
547 3172 578 3235 id
594 3173 694 3254 ipsum
710 3179 768 3234 ate
782 3172 882 3234 innixe
896 3178 997 3253 petent
1012 3190 1048 3234 ac
1061 3171 1249 3253 flagitabunt.
1263 3177 1296 3235 ln
1307 3193 1370 3255 quo

226 3275 327 3329 tamen
346 3269 419 3330 illud
433 3289 541 3332 cavere
564 3271 657 3332 debes
673 3268 797 3351 nequid
819 3269 849 3331 in
869 3276 954 3332 tante
971 3270 1196 3352 dispensatione
1215 3270 1369 3354 protasius

225 3365 338 3444 multo,
352 3383 445 3447 qrram
460 3385 515 3448 par
538 3368 592 3441 sit,
604 3386 640 3430 ac
653 3367 845 3448 irregularitas
861 3366 975 3429 laetum
989 3386 1055 3430 esse
1069 3368 1164 3430 videri
1180 3367 1284 3450 possit.
1307 3368 1369 3433 lllis

225 3460 315 3540 igitur
329 3464 470 3526 omnibus
481 3464 537 3526 rite
553 3464 696 3527 confessis
707 3483 743 3525 ac
752 3483 839 3526 sacra
848 3465 1064 3527 communione
1079 3465 1199 3529 relecta
1210 3464 1368 3531 tementis·

224 3558 316 3623 simas
339 3580 376 3624 eo
394 3562 444 3624 die
463 3580 568 3643 preces
586 3563 624 3625 ad
643 3565 739 3624 Deum
761 3561 913 3625 faciendas
927 3563 1112 3642 injungimus
1130 3580 1188 3644 pro
1208 3563 1367 3627 Catbolice

222 3659 363 3723 Ecclesia
376 3662 575 3738 exaltatione,
591 3679 647 3742 pro
664 3660 818 3722 carisdmo
834 3661 866 3721 in
880 3660 996 3722 Cbristo
1015 3660 1077 3723 lilio
1092 3668 1197 3724 nostro
1214 3661 1366 3725 budorioo

222 3756 404 3820 Francorum
418 3760 498 3838 Rege
508 3757 772 3834 christianissimo,
784 3758 909 3837 ejusque
922 3756 1047 3829 biberis,
1062 3757 1264 3840 universaque
1275 3758 1367 3838 Regia

221 3853 313 3916 domo
326 3858 488 3938 Regnaque
506 3856 735 3933 florentissimo,
751 3875 787 3918 ac
799 3856 989 3937 potissimum
1007 3874 1064 3938 pro
1081 3857 1157 3919 tanti
1169 3856 1273 3938 gaudii
1291 3874 1366 3920 ano-

221 3950 313 4029 trice,
329 3972 437 4034 quaese
455 3954 574 4016 Christo
591 3955 708 4035 Sponsa
721 3953 764 4016 ita
780 3953 923 4031 devovet,
938 3960 974 4015 nt
989 3970 1076 4016 suam
1089 3953 1182 4016 vitam
1196 3971 1319 4017 omnem
1335 3954 1365 4016 in

220 4069 256 4111 eo
268 4050 442 4128 abscondat,
455 4071 491 4114 ao
497 4053 562 4131 ejus
568 4053 663 4115 unicae
673 4052 742 4115 lidei
752 4052 1141 4134 potestatiqnecommittat.
1152 4050 1269 4126 Quibus
1276 4050 1366 4132 igitur

219 4147 297 4210 banc
326 4148 492 4230 plenariam
515 4148 730 4229 indulgentiam
752 4148 879 4228 benigne
902 4146 1116 4225 concedimus,
1143 4147 1285 4210 undem
1309 4149 1363 4212 tibi

218 4246 723 4323 mandamus,VenerabilisFrater,
733 4243 1364 4328 protuadiligentiataeias,inomntumno

223 4340 318 4404 titiam
330 4350 449 4407 mature
457 4345 623 4426 pervenire.
636 4346 680 4406 Ao
694 4345 723 4405 in
736 4350 845 4405 nostras
853 4343 1016 4405 Pontilloia
1035 4342 1250 4407 benevolentis
1255 4343 1364 4425 pignus

220 4439 417 4518 apostolicam
432 4441 671 4504 benedictionem
683 4440 875 4502 Fraternitati
890 4448 947 4502 tuas
957 4448 1150 4523 peramanter
1160 4441 1361 4524 impatimur.

222 4538 333 4598 Datum
346 4539 458 4610 Romu,
472 4548 542 4616 etc,
558 4540 609 4600 dle
626 4550 662 4602 17
665 4541 745 4616 jutta·
760 4550 845 4615 1771,
853 4542 1045 4619 pontificatus
1055 4544 1155 4602 nostre
1163 4558 1248 4604 caso
1260 4544 1359 4604 tertis.
