3194 5354
404 536 588 592 EPISTOLAE
603 536 648 591 ET
666 536 799 592 buavll
819 536 1054 593 subactione.
1251 545 1302 596 mc

158 662 237 706 mur.
255 642 435 721 llujusmodi
448 648 585 703 nostrum
600 648 731 722 paterna
746 642 880 704 caritatis
896 650 1233 717 sensum-consentanea
1249 645 1302 706 le-

158 742 229 804 titia
242 739 420 822 magnitudo
436 745 559 820 propter
570 739 739 801 restitutam
754 739 955 801 valetudinem
972 744 1058 801 tuam
1068 745 1299 803 estconsecuta.

157 842 320 923 Propterea
343 838 508 915 maximas,
533 845 567 899 ut
587 837 749 915 debemus,
769 841 831 900 Deo
853 838 964 918 gratias
987 837 1157 916 reddimus,
1172 857 1302 921 eumque

156 936 243 1000 enixe
258 954 431 1018 precamur,
443 943 648 1016 perpetuoque
659 937 808 1018 precaturi
822 955 946 1014 sumus,
962 944 996 999 ut
1009 935 1165 1013 stabilem,
1182 955 1217 998 ac
1231 937 1302 998 diu-

156 1041 278 1097 turnam
298 1034 531 1116 pulcherrimam
552 1034 631 1097 hauc
651 1035 846 1117 jucunditatis
861 1041 969 1097 nostre
987 1051 1110 1095 causam
1132 1051 1197 1094 esse
1218 1033 1298 1095 velit.

155 1132 242 1207 Quod
256 1133 376 1209 scribis,
396 1132 548 1194 carissime
568 1133 598 1194 in
614 1133 731 1216 Christo
744 1133 797 1195 Fili
812 1138 934 1208 noster,
958 1138 1059 1211 gratas
1072 1129 1127 1192 tibi
1141 1129 1231 1192 fuisse
1250 1148 1301 1193 eas

154 1225 365 1290 benevolentia
375 1235 483 1290 nostra
493 1227 724 1308 significationes
735 1275 743 1306 ,
754 1236 789 1291 tu
800 1215 922 1310 quidem
931 1233 1122 1308 peramanter
1135 1233 1165 1287 et
1178 1244 1234 1307 pro
1248 1233 1301 1289 tua

153 1326 184 1386 in
197 1344 253 1388 nos
267 1327 365 1389 mutui
378 1326 469 1388 animi
481 1327 697 1389 consuetudine
707 1326 792 1389 lacis.
807 1328 885 1388 Nam
899 1325 955 1386 etsi
968 1323 1080 1386 eedem
1093 1323 1189 1401 leves,
1203 1342 1301 1404 neque

153 1423 276 1484 omniuo
294 1440 384 1503 pares
408 1423 523 1485 eximie
542 1430 650 1485 nostre
667 1424 699 1485 in
718 1430 748 1485 te
762 1423 908 1485 voluntati
924 1439 989 1484 esse
1003 1427 1180 1502 potuerunt,
1198 1428 1300 1485 tamen

152 1516 277 1579 minime
291 1516 464 1579 dubitamus
475 1535 512 1578 eo
526 1517 626 1579 animo
640 1536 658 1580 a
670 1523 701 1580 te
714 1536 779 1581 esse
791 1526 942 1600 acceptas,
956 1536 1017 1597 quo
1029 1518 1148 1579 aNobis
1160 1519 1301 1599 proiecte

155 1621 241 1693 sunt,
260 1614 402 1676 nimirum
422 1614 470 1696 tui
490 1613 721 1690 studiosissimo,
744 1621 861 1696 tuaque
881 1614 1000 1690 salutis,
1020 1613 1184 1689 felicitatis,
1200 1616 1301 1695 glorie

152 1711 357 1793 cupidissimo.
378 1713 564 1792 Largitorem
582 1732 617 1774 ac
631 1713 746 1776 iontem
763 1714 913 1777 bonorum
927 1714 1063 1775 omnium
1083 1712 1252 1794 flagitamus
1266 1722 1300 1778 ut

151 1815 233 1885 rota,
249 1827 285 1871 ac
299 1808 448 1870 desideria
460 1814 564 1870 nostra
583 1815 649 1870 rata
669 1801 825 1890 firmaque¹
834 1809 964 1885 babeat,
979 1816 1070 1890 teque
1083 1811 1217 1872 cumulet
1231 1830 1299 1873 am-

153 1905 297 1986 plissimis
307 1906 414 1966 divine
427 1905 618 1984 benignitatis
632 1907 826 1982 muneribus,
842 1926 908 1987 qua
926 1907 1049 1988 optimis
1068 1907 1189 1988 regibus
1207 1917 1298 1990 atque

151 2006 191 2067 ad
208 2005 358 2084 religionis
380 2005 570 2065 sanctitatem
590 2006 715 2067 consilia
730 2005 1018 2086 suadirigentibus,
1040 2006 1185 2086 impertiri
1206 2008 1297 2080 solet,

151 2110 240 2182 atque
259 2109 365 2183 augeat
378 2092 501 2182 Regiam
513 2105 642 2165 Domum
655 2111 758 2178 tuam,
770 2111 898 2186 tuosque
915 2104 1049 2185 egregios
1061 2104 1205 2182 Liberos,
1223 2124 1299 2186 quos

151 2217 188 2260 eo
204 2200 370 2280 impensius
383 2217 538 2278 amamus,
551 2219 613 2281 quo
627 2201 681 2263 tibi
692 2202 847 2265 similiores
857 2220 922 2264 esse
936 2202 1155 2282 cognoscimus.
1171 2205 1298 2265 Demum

150 2296 180 2356 in
193 2296 314 2359 uberius
323 2296 483 2378 pontificiae
489 2298 621 2361 caritatis
629 2299 737 2381 pignus
746 2299 939 2381 apostolicam
950 2298 1299 2380 benedictionemRegie

153 2395 301 2473 Maiestati
315 2397 386 2458 Ture
405 2395 513 2459 intimo
523 2398 639 2478 paterni
653 2397 751 2459 cordis
764 2416 853 2461 sensu
871 2398 1074 2461 amantissime
1083 2441 1085 2445 ψ
1095 2397 1295 2479 impertimur.

158 2497 266 2557 Dotem
283 2496 392 2567 Rome,
404 2502 471 2567 ete,
483 2499 532 2557 die
548 2509 581 2557 18
586 2498 663 2574 Julis'
680 2499 968 2575 1772,pontr'flcotua
978 2501 1076 2558 nostri
1088 2514 1166 2558 onoc
1177 2503 1294 2576 quomo

628 2619 809 2630 m

665 2739 770 2809 ccvi.
862 2827 864 2830 ,

564 2897 753 2938 veneramur
778 2897 888 2938 rasrar

288 3001 518 3061 llIEllONYMO
539 3001 839 3061 ARClllEPlSCOPO
860 2999 1178 3061 sstlsuullcaltsr

464 3119 697 3198 CLEMENS
724 3121 855 3198 PAPA
882 3119 989 3196 XIV.

934 3271 1028 3328 Rome,
1049 3273 1058 3315 t
1072 3266 1167 3329 augum
1179 3272 1245 3322 ¹772.

193 3377 393 3446 Venerabilis,
415 3381 471 3437 etc.
500 3374 592 3437 Nobis
615 3374 731 3436 indiciis
760 3379 951 3455 perspectum
974 3372 1028 3434 tibi
1058 3391 1123 3434 csse
1146 3373 1294 3437 voluimus

152 3474 418 3557 propensissimam
430 3480 565 3536 nostram
579 3491 650 3553 erga
668 3479 697 3534 te
711 3472 897 3533 volantatem
917 3471 947 3532 in
961 3469 1153 3532 concedenda
1172 3489 1294 3550 quama

148 3573 240 3636 Nobis
253 3572 410 3655 postulasti
425 3571 566 3634 facultate
585 3570 731 3633 retinendi
746 3569 975 3651 Praposituram
989 3569 1019 3630 S.
1034 3568 1162 3630 Mauritii
1178 3571 1294 3648 Augus

148 3679 202 3751 tae,
214 3679 245 3734 et
259 3671 458 3733 canonicatus
469 3669 703 3743 Passaviensem‚
715 3674 746 3730 et
760 3666 1000 3743 Olomucensem,
1013 3682 1106 3745 quam
1117 3663 1293 3726 locraltatem

148 3769 341 3832 libentissime
355 3767 545 3830 Fratemitali
565 3774 622 3828 tua
636 3765 778 3846 impertiti
791 3765 855 3843 Jam
866 3782 985 3842 sumus,
999 3762 1036 3824 ad
1046 3761 1189 3825 ulteriora
1201 3761 1293 3824 etiam

143 3885 232 3948 ,eque
252 3867 388 3944 libenter,
404 3867 429 3928 si
447 3885 523 3947 opus
543 3864 652 3943 luerit,
679 3863 867 3946 processuri,
888 3880 960 3925 cum
979 3861 1104 3923 minime
1121 3860 1293 3923 dubitemus

147 3963 292 4042 praeclara
302 3972 356 4024 tua
369 3963 442 4024 item
462 3962 560 4024 studia
572 3962 674 4024 sutura
687 3961 718 4023 in
729 3960 889 4043 pontificiis
908 3959 1017 4023 nostris
1024 3959 1159 4038 iuribus,
1174 3976 1242 4038 quae
1254 3957 1293 4019 ad

147 4059 341 4121 canonicatus
353 4059 526 4121 collationes
539 4059 703 4141 pertinent,
720 4057 882 4120 retinendis
894 4058 1043 4139 sertisque
1055 4074 1091 4118 ac
1104 4055 1189 4117 tectis
1201 4061 1293 4115 tuen-

147 4157 204 4219 dis.
220 4156 306 4232 Quod
327 4155 432 4218 scribis
446 4157 483 4219 de
501 4163 554 4219 tua
573 4157 604 4218 in
624 4158 686 4218 Nos
697 4155 825 4233 fiducia,
844 4154 936 4218 Nobis
957 4162 1002 4217 est
1018 4150 1290 4232 jucundissimum,

149 4263 179 4317 ot
195 4256 249 4318 tibi
263 4272 440 4337 persuasum
454 4274 519 4319 esse
531 4257 670 4338 cupimus
688 4275 743 4319 nos
759 4273 878 4337 semper
890 4250 1168 4317 benevolentissime
1180 4267 1292 4332 eroep-

148 4357 252 4427 turos,
267 4368 333 4431 que
354 4357 417 4413 ate
429 4350 602 4430 offerentur,
614 4359 645 4414 et
657 4359 811 4433 pergratas
823 4352 916 4412 Nobis
929 4366 1035 4410 omnes
1053 4347 1290 4427 opportunitates

148 4448 281 4525 laturas,
301 4448 410 4529 quibus
420 4447 473 4510 tibi
489 4449 673 4512 manifestius
684 4451 714 4511 in
728 4450 868 4512 diesesse
880 4445 989 4527 possit,
1002 4463 1095 4526 quam
1109 4445 1218 4507 eximia
1231 4446 1290 4507 sint

147 4552 277 4626 paternae
294 4553 403 4610 nostrae
418 4562 490 4626 erga
512 4553 542 4609 te
564 4546 697 4608 caritatis
710 4544 819 4608 studia.
836 4546 868 4605 ln
889 4542 974 4622 cujus
995 4542 1179 4606 luculentius
1197 4560 1290 4622 argu-
