3194 5354
330 479 381 528 260
758 466 962 522 CLthEb‘TlS
978 467 1048 522 xtt'

329 581 362 636 S·
380 575 497 653 Georgii
522 574 562 634 ad
582 574 688 634 telum
705 574 837 633 Aureum
859 574 987 650 ejusque
1007 573 1038 630 S.
1061 573 1097 631 tt.
1113 573 1147 631 F..
1171 573 1306 633 taicum
1325 573 1475 637 tamtum

329 674 423 735 Casuli
449 673 561 753 pariter
585 678 780 751 nuncupato,
800 689 857 731 nec
889 688 950 730 non
977 669 1093 731 dilectis
1113 669 1205 731 etiam
1227 670 1298 732 tiliis
1325 673 1476 752 Magistra

330 772 486 834 t'ineeutio
507 770 701 844 Macedonio,
721 776 752 830 et
772 767 927 848 Onupbrio
940 766 1096 847 Alpheon,
1121 769 1182 828 lt'os
1205 767 1320 829 eisdem
1334 771 1477 833 omnibus

328 888 434 932 causas
453 869 552 948 ipsas,
570 874 725 946 totamque
746 865 790 926 rei
811 872 901 943 geste
923 865 1047 940 seriem,
1060 866 1185 944 ejusque
1201 867 1368 946 singulam
1383 869 1476 931 etiam

328 963 568 1026 circunstantiae
592 962 780 1042 aperuimus,
802 980 838 1022 ac
864 960 1016 1022 uberrime
1037 960 1249 1040 patefecimus,
1275 964 1476 1046 perlectisque

328 1059 439 1121 nostris
452 1059 544 1120 literis
563 1057 728 1138 predictis,
742 1056 798 1137 ipsi
816 1056 918 1118 omnia
930 1074 984 1136 per
998 1057 1059 1117 Nos
1070 1064 1173 1135 gesta,
1186 1064 1217 1117 et
1230 1057 1261 1119 in
1274 1058 1319 1119 eis
1331 1068 1476 1122 contenta

328 1172 419 1233 quam
442 1153 591 1228 mantue,
615 1171 651 1214 ac
669 1153 852 1215 unaninuter
871 1151 1137 1228 commendantes,
1156 1170 1279 1214 omnem
1305 1160 1473 1234 promereri

329 1253 449 1314 laudem
460 1259 645 1331 agnorenmt
655 1297 665 1327 ,
674 1258 834 1332 putarunt,
849 1267 885 1311 ac
893 1249 1094 1311 crediderunt.
1107 1249 1198 1312 blodo
1211 1258 1314 1313 autem
1327 1253 1473 1321 solenus.

330 1359 364 1410 nt
379 1369 447 1429 quar
460 1350 491 1410 in
510 1349 659 1429 predictis
671 1348 763 1409 literis
772 1347 1125 1428 disposita,eonstituta,
1145 1355 1176 1408 et
1194 1349 1473 1430 preamiptasunt,

329 1450 437 1511 debite
453 1449 642 1523 executioni,
658 1466 693 1508 ac
702 1449 789 1524 iuxta
810 1445 900 1506 animi
916 1445 1010 1505 nostri
1032 1443 1211 1504 sententiam
1227 1446 1455 1509 committantur
1464 1475 1472 1525 3

328 1547 398 1608 binc
417 1555 484 1621 eat,
508 1544 590 1625 quod
606 1553 691 1607 motu
715 1543 853 1624 proprio,
876 1548 965 1621 atque
978 1559 1015 1602 ex
1035 1549 1118 1603 certa
1139 1543 1280 1620 scientia,
1303 1554 1334 1605 et
1354 1556 1473 1611 matura

328 1643 541 1705 deliberatione
552 1642 680 1715 nostris,
696 1659 788 1702 uuam
811 1639 975 1718 erigimus,
998 1646 1087 1719 atque
1109 1641 1291 1705 instituimus
1307 1645 1475 1728 Congrega

329 1741 439 1801 tionem
451 1758 490 1800 ex
497 1737 676 1818 supradictis
687 1737 820 1817 quinque
831 1734 1035 1797 Cardinalibus
1045 1755 1081 1796 ue
1093 1735 1214 1798 duobus
1224 1739 1364 1800 Romane
1379 1744 1475 1806 Curia

328 1837 474 1912 halatis,
491 1855 547 1898 nec
562 1854 623 1897 non
639 1854 676 1895 ex
691 1834 810 1895 duobus
818 1851 939 1913 quoque
952 1833 1149 1912 Regularibus
1166 1835 1195 1895 in
1206 1836 1297 1898 Sacra
1308 1837 1475 1918 Tbeologia

328 1933 494 2015 preclaris,
508 1940 652 2012 tanquam
669 1930 890 1993 consultoribus
903 1949 921 1990 a
944 1930 1036 1990 Nobis
1055 1931 1267 2009 nominandis,
1283 1933 1394 2013 quibus
1409 1935 1475 1999 baec

329 2029 477 2109 precipue
489 2047 561 2089 cura
579 2027 752 2089 incumbere
767 2026 893 2102 debeat,
905 2035 941 2087 ut
953 2044 990 2086 ea
1002 2027 1199 2108 omnia,que
1212 2029 1342 2092 indictis
1362 2034 1475 2096 nostris

329 2124 434 2185 litteris
445 2124 608 2186 constituta
627 2132 697 2184 sumt
709 2169 717 2199 ,
731 2130 819 2203 atque
837 2121 980 2184 mandata
992 2141 1081 2183 suum
1098 2132 1296 2204 assequantur
1309 2125 1472 2206 ellectum,

328 2231 357 2283 et
377 2223 401 2285 si
416 2223 560 2303 almucia
573 2241 677 2284 earum
694 2221 868 2283 executione
878 2220 959 2281 circu
980 2218 1105 2280 modum
1126 2238 1286 2300 personas,
1298 2225 1474 2287 etresolim

329 2317 368 2380 ad
381 2320 562 2380 Societatem
580 2320 678 2400 ipsam
691 2324 861 2399 spectantes
873 2317 1001 2380 suboriri
1019 2317 1216 2398 imposterum
1226 2338 1363 2401 uuquam
1377 2323 1474 2386 valeet

328 2411 497 2491 dubitatio,
510 2415 603 2476 Nobis
619 2415 702 2495 prius
724 2414 887 2490 consultis,
904 2413 1027 2475 tollatur
1038 2431 1074 2474 ac
1091 2414 1271 2477 declaretur.
1285 2417 1392 2480 Eidem
1405 2438 1474 2482 sero

328 2509 372 2570 sic
388 2528 443 2588 per
456 2511 517 2571 Nos
532 2511 673 2572 institute
685 2510 928 2590 congregationi,
943 2528 1050 2572 omnes
1068 2519 1099 2572 et
1111 2531 1319 2593 quascumque
1338 2534 1396 2595 pro
1405 2535 1475 2579 exe·

328 2603 449 2666 cutione
467 2604 618 2667 dictamm
634 2607 788 2668 literarum
804 2607 1001 2680 necessarias,
1021 2615 1052 2668 et
1064 2608 1291 2688 quomodolibet
1310 2619 1475 2692 oportunus

328 2702 485 2766 facultates
497 2750 506 2781 ,
518 2705 610 2766 etiam
624 2705 802 2781 summarie,
824 2722 859 2764 ac
877 2704 941 2765 sine
954 2704 1096 2785 strepitu,
1109 2714 1140 2767 et
1151 2706 1248 2786 figura
1266 2707 1377 2771 ludicii
1388 2755 1398 2786 ,
1409 2709 1474 2771 sola

328 2800 398 2861 tacti
414 2800 536 2863 veritate
548 2801 684 2882 inspecta
695 2818 731 2863 ac
742 2819 795 2882 per
807 2800 1029 2880 inquisitionem
1042 2821 1162 2882 quoque
1175 2802 1358 2883 procedendi
1372 2804 1475 2867 adser-

327 2916 379 2958 sus
392 2916 497 2960 omnes
510 2906 541 2960 et
554 2916 760 2979 quascumque
770 2901 916 2960 Personas
928 2899 1060 2977 cujusvis
1078 2907 1190 2976 status,
1202 2900 1326 2980 gradus,
1342 2901 1475 2987 qualita-

328 2997 386 3074 tis,
399 3006 430 3058 et
449 2996 601 3077 dignitatis
614 2997 763 3073 existant,
779 3015 815 3058 ac
827 3015 896 3072 res,
914 2996 1013 3072 bona,
1036 2997 1147 3072 libros,
1161 2997 1344 3078 scripturas,
1369 3001 1475 3080 supel-

326 3094 454 3172 lectilia,
470 3094 586 3175 aliaque
602 3095 640 3155 ad
654 3095 832 3156 Societatem
846 3092 1018 3174 predictam
1030 3096 1094 3174 iam
1108 3097 1273 3175 spectantia
1292 3098 1473 3177 retinentes,

326 3201 530 3274 occupantes,
556 3201 586 3254 et
618 3195 820 3269 occultantes,
848 3210 959 3271 easque
986 3198 1050 3253 tam
1074 3192 1131 3252 sub
1160 3193 1377 3256 Ecclesiasticis
1396 3213 1473 3257 oeu-

327 3292 422 3366 suris,
436 3309 528 3371 qnam
546 3290 603 3351 sub
624 3290 689 3352 aliis
709 3290 832 3352 arbitrio
844 3290 937 3370 ipsius
950 3289 1192 3370 Congregatiouis
1204 3289 1392 3371 imponendis
1408 3311 1472 3373 poe

328 3388 374 3447 nis
397 3387 435 3447 ad
455 3405 559 3448 earum
580 3388 807 3463 revelationem,
830 3406 864 3448 ac
886 3386 1103 3448 restitutionem
1123 3387 1265 3466 cogendi,
1288 3395 1320 3449 et
1333 3391 1474 3469 compel-

327 3484 428 3561 lendi,
450 3492 554 3560 motu,
569 3485 709 3563 scientia,
724 3493 756 3546 et
775 3486 839 3566 pari
864 3492 983 3545 matura
1007 3484 1220 3546 deliberatione
1242 3484 1417 3562 tribuimus,
1440 3497 1474 3548 ot

328 3583 525 3665 impertimur.
544 3585 587 3645 Ne
601 3590 767 3658 antemon,
786 3585 892 3664 quein
911 3584 1323 3664 Congregationeltujusmodi
1331 3591 1474 3664 pertrac-

327 3681 419 3742 tanda
434 3689 525 3760 atque
539 3679 725 3742 discutienda
736 3688 825 3742 erunt
836 3681 1017 3758 revelentur,
1031 3689 1061 3741 et
1075 3681 1113 3742 ad
1124 3681 1254 3743 aliorum
1263 3696 1349 3743 aures
1359 3697 1474 3760 perve-

328 3778 412 3839 niant
420 3803 429 3854 ;
447 3779 600 3856 omnibus,
611 3787 643 3840 et
660 3779 784 3860 singulis
795 3780 924 3841 eandem
938 3780 1210 3859 Congregationem
1222 3778 1475 3843 ecmtitueutibus

328 3874 386 3935 sub
405 3893 493 3954 poena
508 3877 827 3939 excommunicationis
849 3879 916 3938 late
927 3878 1082 3939 sententie
1100 3877 1167 3958 ipso
1180 3877 1262 3939 facto
1275 3876 1389 3957 absque
1410 3879 1473 3940 ulla

327 3971 528 4034 declaratione
539 3972 721 4035 incurrendae
735 3994 824 4055 aqua
836 3992 926 4036 nemo
936 3975 1132 4036 absolutionis
1143 3973 1340 4050 beneficium,
1352 3983 1473 4055 preter·

326 4088 418 4150 quam
431 4088 448 4130 a
462 4068 570 4145 Nobis,
586 4088 638 4131 seu
652 4073 788 4133 Romano
799 4071 940 4152 pontifice
955 4090 1011 4152 pro
1032 4078 1168 4151 tempore
1183 4071 1348 4146 existente,
1370 4071 1428 4133 nisi
1442 4072 1472 4134 in

327 4171 432 4233 mortis
458 4170 585 4232 articulo
618 4171 800 4232 constitutus
829 4170 926 4231 valeat
952 4170 1108 4245 obtinere,
1139 4168 1351 4250 probibemus,
1381 4176 1473 4251 atque

326 4282 465 4344 expresse
488 4266 711 4343 interdicimus,
732 4285 770 4328 ne
783 4285 836 4342 ea,
852 4285 917 4346 que
929 4283 1121 4346 quocumque
1143 4265 1235 4327 modo
1253 4264 1380 4327 indicta
1395 4285 1472 4328 oon·

327 4365 497 4439 gregatioue
524 4365 698 4446 proposita,
726 4365 878 4439 discussa,
903 4372 954 4425 aut
983 4365 1105 4426 definita
1131 4363 1259 4440 luerint,
1284 4363 1342 4425 sub
1364 4363 1472 4443 quotis

329 4465 492 4537 pretextu,
516 4482 626 4540 carisa,
652 4464 698 4523 vel
721 4461 844 4542 quesite
865 4461 964 4521 colore
990 4461 1175 4541 patefacere,
1200 4460 1246 4523 vel
1262 4460 1394 4537 directe,
1419 4473 1471 4522 aut
