3194 5354
474 565 653 627 Epistola-2
673 565 717 627 ET
735 565 865 628 bastin
884 566 1118 630 Stltnlcllolta.
1318 583 1364 632 tot

223 671 261 740 ad
283 672 376 739 lleuttr
399 677 660 758 deprecationibus
681 678 798 741 assidue
822 677 1002 754 contendaS,
1019 686 1052 739 ut
1069 680 1098 739 in
1121 680 1247 761 populos
1265 700 1369 742 onmes

222 777 337 856 optima
348 793 418 836 curn
431 776 590 854 sentiendi,
604 783 669 838 tum
680 778 786 857 agendi
800 777 960 840 inducatur
967 778 1062 854 ratio,
1076 785 1109 839 ut
1122 781 1221 840 cuncti
1236 781 1267 841 in
1278 800 1369 843 urrani

224 870 333 947 tidem,
353 889 478 953 quoque
490 891 528 934 ex
550 872 609 934 lide
629 881 675 934 est
690 873 834 953 pietatem
852 874 1057 951 consentiant,
1074 882 1108 936 ut
1124 882 1280 956 pastorum
1300 897 1370 958 erga

222 971 399 1032 commissas
419 971 475 1033 sibi
491 989 561 1034 oves
583 971 694 1053 ubique
714 977 832 1034 constet
852 973 950 1049 zelus,
967 969 1126 1050 sedulitas,
1146 991 1181 1034 ac
1202 974 1369 1052 vigilantia.

222 1087 293 1128 oves
305 1068 373 1148 ipsae
388 1068 514 1130 invicem
532 1070 704 1150 pastoribus
716 1070 777 1132 suis
789 1071 945 1150 morigere
960 1069 1035 1146 sint,
1050 1070 1146 1151 iisque
1157 1070 1291 1133 debitum
1303 1075 1371 1134 cul·

224 1174 289 1226 tum
301 1184 336 1227 ac
357 1166 558 1229 obedientiam
570 1163 717 1229 delerant.
735 1171 767 1229 ln
779 1167 952 1245 hujusmodi
971 1167 1110 1248 precibus
1124 1169 1183 1230 tuis
1202 1170 1275 1231 certi
1296 1189 1370 1250 pro-

223 1264 301 1326 lecto
321 1283 426 1326 sumus
439 1266 603 1346 plurimum
627 1267 738 1328 babere
752 1269 813 1328 Nos
826 1268 943 1342 locum,
961 1285 1076 1346 proque
1095 1267 1272 1346 gravissimo
1290 1267 1371 1348 quod

222 1363 354 1440 gerimus
366 1381 491 1425 munere
510 1365 594 1444 paria
612 1360 705 1426 Nobis
723 1365 847 1426 caelestis
861 1357 963 1443 gratias
982 1363 1134 1446 implorari
1155 1364 1288 1428 subsidia
1304 1385 1372 1426 nos-⁴

223 1467 362 1540 tcamque
382 1461 617 1523 imbecillitatem
638 1473 694 1543 pro
716 1461 790 1522 virili
815 1467 868 1522 tua
890 1470 975 1542 parte
997 1453 1143 1540 adjuvari.
1169 1463 1229 1523 Nos
1249 1456 1369 1543 quidem

223 1566 370 1638 quantum
380 1553 499 1637 labore,
515 1558 653 1637 consilio,
669 1558 848 1621 auctoritate
858 1559 993 1620 valemus
1003 1602 1011 1636 ,
1022 1559 1205 1622 connitimur
1218 1560 1370 1641 prolecto,

224 1662 258 1716 nt
271 1655 435 1718 incolumes
446 1657 493 1718 vel
508 1656 702 1733 retineamus,
715 1657 760 1718 vel
770 1656 988 1719 constituamus
997 1656 1117 1718 credite
1128 1658 1221 1719 Nobis
1233 1659 1372 1721 Ecclesia¹

225 1755 366 1817 rationes
382 1753 440 1817 Sed
454 1749 526 1836 quid
543 1748 573 1816 in
592 1755 767 1816 infirmitate
781 1761 884 1816 nostra
897 1757 1077 1834 possumus?
1091 1756 1258 1835 poterimus
1271 1761 1370 1818 tamen

224 1851 327 1912 omnia
340 1844 371 1913 in
383 1862 435 1927 eo,
452 1870 544 1932 aquo
556 1849 719 1912 confortari
733 1848 929 1926 confidimus,
947 1846 985 1911 ad
1004 1869 1094 1931 quem
1110 1852 1259 1931 supplices
1270 1852 1373 1914 confu-

222 1948 338 2026 gimus,
352 1960 444 2030 quern
458 1951 544 2011 enixe
553 1949 735 2030 flagitamus,
748 1955 782 2011 ut
794 1941 911 2011 sedium
925 1967 1048 2010 suarum
1063 1943 1242 2010 assistricem
1252 1948 1304 2011 det
1314 1946 1373 2011 No

224 2044 271 2105 bis
280 2045 474 2126 sapientiam,
485 2064 550 2126 quo
559 2046 721 2108 Nobiscum
727 2047 776 2124 sit,
790 2062 825 2108 ao
831 2045 994 2107 Nobiscum
1002 2036 1130 2106 laboret.
1144 2047 1218 2106 Cum
1229 2052 1258 2106 te
1270 2045 1372 2127 itaquo

223 2158 344 2202 summo
354 2142 386 2202 in
400 2143 461 2203 Nos
472 2142 571 2205 studio
579 2161 644 2205 esse
650 2141 1033 2222 uideamusdnoredibilem
1045 2141 1075 2202 in
1085 2140 1210 2203 modum
1224 2142 1371 2209 letamur.

223 2244 254 2298 et
265 2243 368 2299 nostra
379 2238 468 2300 simul
482 2246 513 2300 et
526 2245 580 2302 tua
592 2257 684 2301 causa
695 2238 768 2301 dum
779 2246 813 2301 tu
824 2239 905 2300 enlm
914 2237 1047 2319 egregias
1060 2243 1183 2318 prestas
1199 2237 1230 2298 in
1244 2237 1305 2299 Nos
1320 2237 1372 2299 lllil

224 2339 341 2413 partes,
354 2333 502 2416 prolicere
520 2336 581 2396 Nos
594 2334 663 2397 inde
674 2336 806 2397 maxime
819 2335 850 2396 in
865 2352 985 2397 summa
996 2333 1055 2394 hac
1066 2331 1310 2412 gravissimarum
1323 2350 1374 2392 re-

224 2446 292 2490 rum
306 2432 518 2511 procuratione
529 2450 697 2513 speramus.
713 2432 797 2508 Quod
811 2432 915 2494 scribis
926 2431 964 2494 de
978 2432 1096 2512 egregia
1108 2430 1292 2493 Venerabilis
1303 2432 1373 2492 Fra-

223 2528 278 2589 tris
290 2529 443 2592 Venoeslai
463 2530 688 2612 nmhiepiscopi
699 2530 886 2592 trevirensis
900 2529 1023 2607 virtute,
1035 2529 1100 2609 Jam
1114 2528 1232 2611 pridem
1246 2545 1282 2589 ex
1300 2546 1374 2610 per-

225 2631 329 2705 specta
344 2626 437 2688 Nobis
450 2626 528 2689 illius
542 2626 640 2688 indole
662 2626 855 2706 agnovimus,
870 2627 959 2707 quale
975 2625 1005 2686 in
1024 2643 1061 2687 eo
1081 2625 1223 2687 columen
1236 2624 1373 2686 Ecclesia
1460 2669 1462 2674 .

223 2719 357 2783 futurum
366 2731 462 2796 esset,
476 2742 511 2787 ac
522 2741 604 2785 nunc
612 2724 758 2804 plurimas
770 2723 922 2786 molestias
936 2729 1053 2785 nostras
1062 2720 1283 2801 jucundissima
1297 2719 1374 2781 illius

223 2820 359 2900 pietatis,
378 2840 413 2884 ac
428 2823 593 2903 omnigena
613 2821 711 2884 laudis
733 2821 913 2901 cogitatione
931 2839 1102 2902 pensamus.
1126 2818 1211 2894 Quod
1224 2819 1373 2898 reliquum

224 2923 285 2993 est,
308 2916 417 2980 dilecte
430 2919 472 2980 fili
493 2918 601 2980 nobilis
622 2920 666 2978 vir
690 2943 696 2978 ε
720 2919 912 2979 vehementer
928 2917 1067 2997 cupimus
1081 2918 1182 2977 locum
1201 2915 1293 2976 Nobis
1308 2914 1372 2974 dari

223 3032 375 3076 summam
390 3016 443 3077 tibi
460 3016 698 3077 benevolentiam
718 3021 854 3076 nostram
874 3014 973 3094 reipsa
987 3012 1221 3093 comprobandi,
1246 3028 1373 3089 eamque

223 3117 379 3190 paternam
392 3112 548 3172 caritatem
568 3129 629 3193 qua
648 3116 678 3171 tc
691 3110 721 3170 in
741 3111 868 3172 Domino
882 3110 1123 3190 complectimur,
1136 3109 1251 3189 tibique
1271 3126 1372 3168 veram

224 3210 317 3270 alteo
334 3207 508 3271 felicitatem
525 3227 647 3271 omnem
663 3209 883 3289 celestiumque
902 3211 1061 3268 munerum
1085 3206 1241 3268 cumulum
1264 3224 1373 3286 preca-

223 3322 303 3381 mur,
317 3312 407 3386 atque
418 3306 448 3367 in
458 3306 548 3384 hujus
558 3305 673 3367 eximia
682 3311 789 3366 nostre
800 3305 828 3365 in
839 3312 868 3365 te
880 3303 1042 3364 voluntatis
1056 3303 1164 3384 pignus
1177 3302 1372 3384 apostolicam

224 3402 463 3465 benedictionem
480 3403 551 3480 tibi,
572 3403 678 3465 dilecte
699 3403 740 3465 titi
762 3402 870 3476 nobilis
891 3402 947 3480 vir,
964 3401 1164 3482 universeque
1178 3401 1296 3463 familiae
1316 3409 1373 3462 tua

224 3508 416 3578 peramanter
426 3501 624 3582 impertimur.
640 3503 753 3563 Datum
767 3502 878 3574 Roma,
889 3501 972 3580 opud
980 3501 1124 3561 Sanctam
1133 3502 1260 3560 Mariam
1274 3501 1372 3575 dlojo-

224 3616 299 3674 rem,
312 3601 496 3662 sabdnaulo
512 3602 689 3670 Nicatoris,
701 3601 750 3658 dte
767 3610 803 3659 ao
814 3601 959 3675 januarii
976 3610 1047 3658 trra
1058 3642 1066 3675 ,
1078 3598 1270 3677 pontificatur
1280 3601 1373 3655 nostrl

227 3713 308 3756 nano
321 3702 435 3776 putato.
