3194 5354
556 496 783 554 Documenta
803 497 930 553 vaula.
1263 506 1314 568 m

171 603 320 668 Societnte
333 603 456 684 expelli,
473 601 645 682 dimittique
663 607 786 682 possent
796 602 893 674 Socii,
909 600 1005 664 forma
1019 602 1176 681 judiciaria
1190 604 1315 671 minime

171 700 323 777 adbibita,
344 700 427 763 nulla
440 697 552 761 scilicet
569 698 722 780 premissa
739 697 947 779 inquisitione,
961 698 1050 762 nullis
1067 700 1211 764 confectis
1226 703 1312 779 actis,

169 799 251 863 nullo
267 797 371 861 ordine
382 796 541 876 judiciario
553 800 686 872 servato,
704 796 852 876 nullisque
863 796 1315 874 terminis,etiamsubstantia-

169 896 247 958 libus
259 895 393 972 servatis,
408 895 472 957 sota
482 894 554 956 facti
567 892 691 956 veritate
706 893 850 974 inspecta,
863 893 968 974 culpe,
979 893 1026 954 vel
1040 894 1226 957 rationabilis
1237 914 1314 973 osu7

169 1015 209 1057 se
226 1000 345 1056 tantum
358 994 473 1056 ratione
485 992 601 1072 habita,
615 1013 651 1056 ac
672 1010 886 1073 personarum,
908 992 1095 1072 aliarumque
1114 992 1315 1057 circumstan-

171 1095 292 1155 tiarum.
308 1091 496 1154 Altissimnm
510 1091 631 1173 insuper
645 1092 796 1154 silentium
808 1092 969 1172 imposuit,
984 1091 1137 1172 vetuitque
1153 1093 1210 1154 sub
1228 1112 1316 1173 poma

170 1192 359 1272 potissimum
372 1190 691 1252 excommunicationis
704 1190 770 1252 lata
786 1190 954 1268 sententia,
969 1208 1007 1251 ne
1029 1189 1098 1270 quis
1110 1188 1197 1252 dicta
1210 1191 1315 1256 Socie-

170 1287 240 1350 tatis
262 1286 451 1363 institutum,
472 1285 718 1363 constitutiones,
736 1291 788 1347 aut
809 1285 931 1348 decreta
951 1286 1080 1364 directe,
1105 1288 1152 1348 vel
1172 1286 1316 1352 indirecte

170 1385 348 1464 impugnare
361 1383 500 1461 auderet,
514 1384 560 1446 vel
574 1383 686 1463 aliquid
700 1381 738 1444 de
750 1383 785 1444 iis
793 1383 899 1462 quovis
909 1380 1002 1445 modo
1014 1384 1167 1446 immutari
1181 1394 1311 1450 curaret.

170 1486 224 1545 lus
235 1491 336 1544 tamen
350 1482 472 1544 cuilibet
484 1481 621 1561 reliquit,
633 1486 667 1541 ut
677 1479 824 1560 quidquid
838 1480 1027 1558 addendum,
1042 1482 1251 1561 minuendum,
1263 1491 1316 1547 aut

170 1580 392 1642 immutandum
402 1585 536 1642 censeret
546 1579 602 1640 sibi
619 1577 829 1640 tantummodo
839 1597 878 1655 ‚e
893 1579 1037 1663 Romanis
1050 1580 1148 1642 solum
1165 1582 1315 1646 Pontifici-

170 1678 226 1738 bus
239 1696 294 1758 pro
306 1684 443 1757 tempore
456 1675 650 1739 existentibus
663 1675 708 1736 vel
719 1674 903 1753 immediate,
915 1676 961 1737 vel
974 1694 1028 1756 per
1041 1676 1218 1756 Apostolicar
1229 1680 1315 1742 Sedis

169 1777 313 1854 legatos,
327 1793 380 1835 seu
390 1773 521 1836 Nuucios
531 1772 698 1851 siguificare
709 1777 827 1852 posset,
841 1778 931 1852 atque
944 1790 1124 1853 proponere.

208 1886 257 1935 20.
273 1876 403 1936 Tantum
421 1891 491 1935 vero
510 1872 613 1948 abest,
633 1877 666 1932 ut
679 1870 742 1932 huc
756 1870 859 1932 omnia
875 1870 949 1932 satis
966 1871 1077 1933 fuerint
1090 1872 1315 1952 compescendis

169 1972 310 2035 adversus
321 1972 501 2033 Societatem
514 1969 706 2046 clamoribus,
721 1976 752 2030 et
764 1969 904 2049 querelis,
915 1970 989 2050 quin
1003 1972 1104 2051 potius
1117 1979 1224 2052 magls,
1246 1993 1315 2037 ma-

167 2069 271 2149 gisque
289 2069 461 2131 rmiversum
473 2066 536 2128 fere
554 2066 663 2127 Orbem
678 2074 872 2146 pervaserunt
881 2067 1097 2129 molestissimas
1107 2069 1315 2132 contentiones

168 2168 205 2228 de
220 2167 375 2228 societatis
383 2164 532 2240 doctrina,
544 2181 637 2244 qnam
651 2163 719 2224 fidei
730 2163 823 2225 veluti
833 2163 1012 2226 orthodoxe
1020 2165 1167 2245 bonisque
1177 2167 1314 2229 moribus

168 2270 382 2344 repugnantem
397 2261 517 2342 plurimi
532 2260 729 2321 traduxerunt
740 2284 750 2337 3
763 2259 935 2322 domestice
947 2261 1055 2338 etiam,
1070 2268 1256 2342 externaque
1267 2263 1315 2324 el-

168 2361 341 2420 ferbuerunt
351 2357 565 2435 dissensiones,
577 2363 608 2419 et
621 2356 835 2437 frequentiores
847 2357 932 2419 facta
946 2359 1060 2420 suntin
1072 2377 1158 2436 eam,
1173 2360 1210 2421 de
1221 2360 1315 2423 nimia

168 2455 357 2535 potissimum
369 2462 556 2516 terrenorum
574 2444 898 2536 bonorumcupiditate
910 2458 1131 2520 accusationes:
1147 2477 1184 2521 ex
1201 2459 1313 2539 quibus

168 2552 308 2614 omnibus
323 2547 409 2614 suam
427 2552 591 2614 hauserunt
604 2552 749 2631 originem
762 2558 828 2614 tum
844 2554 1084 2634 perturbationes
1099 2556 1154 2617 ille
1173 2557 1315 2621 omnibus

167 2651 240 2712 satis
255 2652 380 2730 cognita
391 2697 400 2728 ‚
411 2671 477 2732 que
488 2652 597 2713 Sedem
607 2652 812 2732 Apostolicam
822 2653 933 2733 ingenti
945 2672 1072 2716 moerore
1086 2653 1249 2718 affecerunt
1258 2675 1316 2733 ,ac
1397 2683 1399 2687 ·

168 2748 324 2824 molestia3
340 2754 406 2810 tum
419 2756 541 2829 captae
559 2749 747 2831 Principibus
762 2753 913 2814 nonnullis
931 2752 962 2813 in
980 2752 1160 2815 Societatem
1177 2754 1313 2829 consilia.

169 2848 232 2918 Quo
249 2843 363 2905 factum
382 2851 446 2919 est,
466 2851 499 2907 ut
516 2846 622 2907 eadem
643 2847 776 2908 Societas
795 2866 904 2909 novam
918 2849 1048 2909 instituti
1062 2848 1127 2925 sui,
1142 2868 1178 2910 ac
1191 2850 1315 2928 privila-

167 2940 284 3019 giorum
305 2941 564 3003 confirmationem
585 2961 603 3003 a
623 2942 716 3004 felicis
736 2944 950 3005 recordationis
971 2946 1065 3006 Paulo
1087 2946 1169 3024 Papa
1182 2949 1219 3007 V.
1233 2949 1315 3010 Prae-

169 3038 325 3101 decessore
335 3044 439 3100 nostro
451 3039 665 3119 impetratura,
679 3047 785 3101 coacta
796 3041 884 3102 luerit
898 3041 936 3102 ab
951 3059 988 3102 eo
1000 3046 1117 3121 petere,
1135 3049 1168 3104 ut
1178 3050 1245 3105 rata
1256 3043 1315 3107 ltc-

169 3135 239 3197 berc
249 3135 351 3212 vellet,
365 3154 479 3214 suaque
496 3135 675 3196 confirmare
689 3137 867 3198 auctoritate
886 3136 1007 3198 decreta
1017 3137 1154 3216 quaedam
1167 3138 1198 3199 in
1209 3141 1315 3219 quinta

168 3231 296 3309 generali
311 3230 543 3311 Congregatione
555 3231 653 3308 edita,
671 3239 761 3312 atquc
773 3233 812 3294 ad
830 3233 955 3295 verbum
973 3233 1121 3315 exscripta
1136 3234 1166 3295 in
1183 3235 1244 3300 suis
1257 3238 1314 3301 sub

169 3329 292 3409 plumbo
309 3328 405 3410 pridie
423 3349 495 3391 non.
510 3331 687 3411 septembris
706 3349 784 3394 anno
809 3331 1026 3393 incarnationis
1042 3332 1202 3396 Dominicis
1226 3347 1312 3398 taus.

169 3425 295 3506 desuper
308 3427 453 3507 expeditis
463 3427 583 3504 litteris,
591 3428 701 3507 quibus
713 3429 743 3489 in
755 3429 883 3492 decretis
896 3429 1109 3492 discretissime
1120 3431 1237 3512 legitur,
1251 3440 1314 3497 taus

169 3525 300 3597 internas
313 3527 469 3588 Sociorum
480 3526 646 3587 simultates
658 3545 694 3588 ac
712 3527 833 3604 turbas,
848 3546 941 3607 quam
954 3534 1126 3590 exterorum
1140 3528 1170 3590 in
1183 3529 1314 3593 Societa-

170 3631 230 3684 tem
250 3625 386 3703 querelas
405 3642 441 3685 ac
460 3623 676 3704 postulationes
688 3623 791 3685 Socios
811 3623 841 3685 in
861 3623 990 3685 comitiis
1010 3629 1206 3704 congregatos
1216 3624 1313 3705 uapu-

169 3722 235 3786 iisse
250 3725 289 3786 ad
302 3744 429 3806 sequens
440 3724 629 3786 condendum
644 3728 790 3798 statutum
803 3722 968 3796 :Quoniam
980 3723 1112 3784 Societas
1120 3728 1235 3799 nostra,
1246 3741 1312 3802 quaa

169 3821 206 3880 ad
226 3821 296 3883 fidei
317 3822 580 3902 propagationem,
594 3830 624 3881 ct
640 3821 809 3882 animarum
823 3821 907 3882 lucra
923 3839 941 3881 a
964 3819 1092 3882 Domino
1107 3818 1236 3882 excitata
1249 3824 1310 3894 est,

168 3919 245 3980 sicut
255 3938 308 3999 per
321 3919 443 4000 propria
455 3917 777 3990 Institutiministcria,
789 3936 855 3996 qua
866 3915 1032 3996 spiritualia
1045 3934 1130 3977 arma
1144 3921 1228 3991 sunt,
1240 3933 1311 3977 cum

170 4015 305 4076 Ecclesia
330 4015 477 4091 utilitate,
504 4035 539 4076 ac
562 4014 768 4095 proximorum
790 4014 985 4076 aedificatione
1009 4014 1065 4076 sub
1085 4014 1182 4076 crucis
1205 4013 1311 4075 vexillo

168 4114 259 4175 finem
273 4114 398 4175 feliciter
411 4115 552 4194 consequi
569 4120 684 4194 potest,
696 4133 788 4193 quem
799 4112 943 4188 intendit;
958 4112 1040 4173 itaet
1053 4111 1116 4171 hrec
1130 4111 1209 4171 bona
1219 4108 1312 4190 irnpe-

168 4211 260 4288 diret,
274 4217 305 4274 et
319 4230 350 4272 se
365 4211 504 4272 maximis
519 4212 657 4290 periculis
675 4217 854 4291 exponeret,
872 4209 896 4270 si
908 4229 946 4270 ca
964 4213 1124 4282 tractaret,
1137 4225 1202 4285 que
1215 4224 1311 4268 saecu-

168 4308 240 4370 laria
260 4315 341 4383 sunt,
356 4316 386 4369 et
405 4306 443 4368 ad
464 4326 511 4367 res
525 4308 661 4386 politicas
679 4314 767 4385 atque
787 4305 823 4366 ad
846 4311 941 4366 status
953 4303 1201 4384 gubernationem
1216 4303 1311 4384 perti-
1384 4297 1386 4300 ’

168 4414 252 4481 uent;
265 4407 376 4467 idcirco
388 4405 602 4486 sapientissime
615 4425 632 4466 a
647 4404 753 4466 uostris
764 4401 927 4479 majoribus
938 4406 1084 4461 statutum
1098 4407 1160 4476 cst,
1182 4407 1216 4461 ut
1229 4400 1310 4464 mili-

167 4510 263 4566 tantes
273 4507 335 4566 Deo
352 4504 415 4565 aliis
442 4522 507 4582 quac
522 4509 650 4562 anostra
664 4500 845 4581 professione
860 4498 1021 4561 abhorrent
1033 4516 1094 4569 non
1110 4497 1308 4579 implicemur.
