3194 5354
471 541 650 596 El’lSTOLAE
669 539 715 593 ET
733 539 863 592 sauvis
883 539 1116 595 sanccimus.
1312 541 1364 592 28³

225 651 342 712 idcirco
364 647 475 728 gratias
494 647 683 727 profitemur,
709 645 817 706 dilecte
834 647 885 721 lili,
907 664 973 726 qun
992 645 1165 724 hujusmodi
1183 645 1241 706 tuis
1255 645 1285 706 in
1304 646 1366 706 Nos

225 752 338 814 meritis
351 750 628 811 sintconsentaneae
641 761 773 826 ermque
783 744 837 806 tibi
848 744 970 826 qualern
982 744 1113 806 maxirne
1127 750 1161 806 tu
1178 743 1249 805 velis
1266 750 1365 824 pater-

225 871 297 914 num
311 850 447 914 animum
468 845 650 923 deferimus,
666 850 757 926 atque
775 843 962 906 exhibemus.
983 845 1152 923 Acceptum
1169 841 1259 904 etiam
1272 841 1365 903 Nobis

103 1010 108 1017 ,
224 944 483 1009 vehementeriuit
499 942 590 1020 illud,
603 941 686 1023 quod
704 949 862 1023 tamquam
879 940 1104 1022 procorollario
1124 937 1284 1018 adiunxisti
1305 944 1366 999 stu-

225 1046 344 1107 diorum
359 1050 481 1104 tnorum
501 1041 672 1122 specimen,
687 1058 724 1100 ex
734 1038 894 1120 quolacile
903 1038 1112 1119 intelligimus,
1122 1054 1216 1117 qnam
1225 1037 1366 1116 nauare

224 1141 314 1202 etiam
329 1139 367 1201 de
379 1138 490 1201 italicis
503 1138 611 1200 litteris
622 1136 731 1200 mereri
744 1142 873 1216 satagas.
888 1135 963 1198 illud
974 1136 1097 1198 demrnn
1110 1134 1365 1216 quodluculenter

224 1237 314 1299 etiam
328 1236 367 1299 ad
377 1243 408 1298 te
416 1232 583 1317 perscribat
595 1234 676 1296 idem
684 1233 848 1295 Cardimlis
859 1233 897 1294 de
905 1234 1011 1295 Berrris
1022 1240 1130 1295 nostra
1142 1232 1173 1293 in
1190 1238 1221 1293 le
1231 1229 1365 1311 plurim

225 1321 386 1400 voluntatis
407 1334 611 1417 amplissimus
632 1332 717 1394 testis
730 1331 783 1392 tibi
806 1331 937 1392 maxime
951 1348 1128 1411 persuasum
1141 1347 1206 1391 esse
1227 1326 1367 1408 cupimus

224 1436 366 1497 eximiam
385 1441 521 1496 nostram
541 1450 608 1495 esse
627 1448 699 1510 erga
712 1435 744 1490 ta
760 1427 1027 1504 existimationem,
1050 1444 1213 1507 paremque
1233 1431 1365 1505 paternae

223 1535 357 1612 caritati,
380 1552 440 1615 qua
463 1540 493 1595 te
512 1531 700 1612 singulariter
717 1527 938 1610 prosequimur,
961 1525 1091 1604 ineujus
1107 1522 1215 1604 pignus
1227 1520 1367 1603 apostoli-

224 1648 292 1692 cam
304 1630 544 1693 benedictionem
555 1628 610 1690 tibi
625 1673 634 1704 ,
648 1625 754 1688 dilecte
766 1624 820 1698 illi,
838 1628 1028 1704 peramanter
1039 1621 1238 1702 impertimur.
1251 1621 1367 1681 Datum

226 1730 341 1798 Rome,
360 1729 443 1807 apud
453 1728 597 1789 Sanctam
610 1727 741 1786 dianam
752 1726 909 1800 mojorem,
923 1723 976 1783 secl>
990 1723 1112 1784 dienato
1120 1722 1299 1790 Piscatoris,
1314 1719 1366 1780 die

229 1837 262 1886 ¹²
269 1828 412 1903 januarii
426 1836 513 1901 itu,
522 1825 720 1903 pontificatus
737 1826 832 1883 nostri
847 1839 926 1882 enno
940 1824 1052 1900 quieto.

751 2042 827 2113 CCL

565 2200 761 2242 sancrrssffll
785 2199 901 2240 nanim
923 2197 1033 2239 mosum

227 2308 505 2377 CLEMENTls
535 2305 707 2377 nivini
744 2303 1084 2377 Paulinianum
1116 2302 1247 2372 PAPAE
1279 2303 1366 2372 xlv

653 2434 950 2513 ALLOCUTIO

252 2569 367 2616 naulis
383 2567 414 2616 ul
431 2567 636 2617 cousisuomo
651 2564 789 2616 SECRETO
804 2567 859 2616 DIE
875 2562 945 2611 xvii
960 2561 1124 2612 JANUARIAE
1139 2558 1336 2612 mucetum.

267 2665 1206 2744 VeruradltoasratresCumexmaxunislntilianostroecausis‚
1219 2667 1366 2747 quaslroc
1457 2670 1459 2674 ’
1520 2701 1528 2716 ·

223 2773 358 2846 tempore
374 2766 460 2828 vobis
467 2766 648 2828 declaraturi
663 2784 777 2842 surius,
792 2765 878 2828 facile
890 2765 1053 2846 intelligere
1063 2765 1226 2846 possimus,
1235 2773 1365 2846 quantus

222 2861 340 2924 iuuuus
354 2863 393 2924 ait
403 2865 599 2940 jucunditatis
610 2871 716 2925 vestra
729 2883 849 2941 sensus,
867 2863 1063 2949 libentissime
1077 2865 1199 2927 easdem
1209 2864 1365 2927 vobiscum

221 2961 497 3038 ‹mmmuuicamum
511 2961 703 3023 Venerabiles
717 2963 845 3035 Fratres,
858 2965 948 3039 atque
958 2961 1050 3021 etiam
1063 2978 1100 3021 ex
1109 2961 1168 3022 hoc
1179 2962 1244 3042 ipso
1254 2960 1365 3040 gaudio

222 3065 323 3119 restro
344 3076 489 3138 magnius
509 3059 548 3119 ad
565 3059 749 3138 volupatem
772 3055 926 3117 cumulum
949 3074 1141 3118 aeeemurum
1161 3057 1361 3135 agnoscimus.

221 3153 268 3215 Ad
289 3154 452 3216 ineundam
473 3155 629 3236 pristinam
650 3160 784 3215 nostram
798 3153 981 3229 avenionis,
1002 3153 1168 3216 Comitatus
1181 3154 1365 3232 Venaissini,

222 3253 405 3330 Beneventi,
431 3261 462 3315 et
484 3254 588 3314 Pontis
604 3253 691 3316 Corvi
717 3251 936 3333 possessionem
950 3252 1095 3314 carissimi
1118 3252 1287 3324 inChristo
1306 3255 1362 3317 lilii

222 3349 388 3413 ludovicus
400 3350 563 3412 Galliarum
578 3352 642 3412 lten
653 3349 937 3426 christianissimis,
948 3357 980 3413 et
991 3351 1196 3415 Ferdiuandus
1209 3353 1365 3438 utriusque

182 3510 183 3513 ,
221 3445 324 3508 Sicilia
331 3454 385 3523 ,et
395 3447 581 3509 Hierusalem
590 3449 655 3509 ilex
667 3447 861 3509 illustrisNos
872 3448 951 3510 ultro
962 3450 1204 3531 compellant,et
1219 3458 1366 3535 tanquam

223 3561 277 3604 sua
290 3544 345 3620 ipsi
358 3561 450 3605 manu
462 3543 665 3606 amantissime
680 3542 835 3604 inducunt.
851 3540 946 3604 Nemo
962 3561 1095 3623 unquam
1108 3546 1365 3627 tantacupiditate

223 3638 254 3699 in
276 3640 337 3702 uris
359 3640 577 3721 amplificandis
600 3638 727 3701 fortunis
750 3638 825 3715 luit,
846 3647 961 3720 quanta
981 3639 1134 3702 alacritate
1158 3647 1249 3721 atque
1270 3641 1363 3703 animi

223 3737 428 3815 magnitudine¹
436 3740 506 3817 jura
520 3756 628 3818 resque
646 3737 783 3798 Ecclesia
797 3735 837 3798 ad
850 3737 910 3797 Nos
925 3737 982 3816 ipsi
997 3736 1145 3798 deterunt.
1167 3738 1365 3803 Consiliorum

222 3834 357 3895 omnium
369 3854 406 3897 ac
418 3853 542 3898 annania
553 3835 654 3897 inNos
666 3831 785 3915 pietalis
795 3832 936 3896 societme
945 3851 1016 3895 cum
1028 3832 1085 3895 iilis
1099 3835 1362 3914 conjunctissimus

223 3937 268 3990 ost
280 3930 424 3993 carissimi
440 3933 512 3994 ilem
530 3933 563 3995 in
578 3931 694 3994 Cluislo
708 3930 760 3993 lilii
778 3931 870 3993 nostri
882 3931 980 3994 Caroli
994 3931 1140 3994 Catholici
1150 3932 1368 4019 Hispaniarum

224 4028 300 4106 regis
320 4028 455 4108 aalma,
468 4030 585 4111 magnis
595 4030 688 4093 Nobis
707 4036 795 4091 antea
812 4047 941 4111 semper.
962 4029 1015 4093 sed
1028 4049 1109 4093 minc
1119 4031 1260 4093 maximis
1274 4037 1365 4112 atque

119 4205 121 4208 y
224 4124 416 4206 arnrplissimis
438 4129 550 4190 amoris
571 4128 687 4190 indiciis
701 4134 886 4209 perspectis.
908 4130 969 4190 Nos
991 4129 1112 4210 quidem
1133 4128 1163 4189 in
1184 4128 1262 4188 hanc
1279 4145 1366 4208 spem

221 4224 405 4304 jampridem
414 4242 600 4302 veneramus,
610 4226 689 4303 lore,
701 4233 735 4288 ut
745 4227 868 4289 omnino
880 4246 936 4288 sua
947 4226 1008 4288 huo
1021 4227 1102 4307 ipsos
1115 4223 1230 4304 religio,
1247 4223 1365 4306 sapien-

225 4321 284 4395 lia,
298 4322 423 4400 equitas
440 4321 614 4386 adduceret.
631 4327 746 4406 Atque,
768 4335 801 4388 ut
819 4345 940 4387 omnem
961 4324 1178 4404 cogitationum
1193 4329 1365 4390 nostrarum

224 4418 368 4479 rationem
387 4418 472 4481 robis
491 4422 661 4503 aperiamus
673 4469 680 4498 ,
693 4432 851 4504 propterea
866 4423 957 4484 Nobis
975 4438 1070 4501 neque
1085 4420 1362 4506 insonueruntque

226 4516 409 4598 urgendum,
426 4538 461 4580 ac
474 4538 510 4581 nc
526 4519 673 4598 agendum
686 4522 808 4601 quidem
826 4540 895 4582 curn
915 4521 951 4580 iis
968 4537 1101 4593 unquam
1111 4517 1262 4586 duximus.
1285 4524 1363 4586 inte-
