3194 5354
660 503 865 559 caementis
882 505 948 559 XlV

719 711 884 781 ccxcut.

330 873 535 918 SANCTiSSlblo
556 874 594 917 AC
615 875 805 919 BBATISSIHO
828 875 862 916 itt
885 873 1016 915 CHRISTO
1040 871 1132 916 aaut
1153 872 1279 917 noaino

229 980 423 1042 crunnum
437 978 577 1040 Dlvlttll
593 980 858 1041 ruovlnnurla
877 980 990 1040 ΡΜ
1003 979 1094 1041 EJUS
1113 977 1276 1041 uouuus
1296 979 1379 1057 xlv,

382 1104 483 1152 sacro
495 1103 623 1152 eruere
636 1102 775 1153 neurus
788 1105 831 1153 ro
845 1103 1053 1152 umrersanrs
1064 1105 1223 1155 recursis

440 1218 599 1269 remulci
615 1218 742 1269 ummo
758 1219 885 1270 nonme
899 1217 1161 1269 emmeramus.-

897 1377 1034 1438 versarier,
1045 1379 1076 1426 tc
1090 1376 1232 1439 septembris
1247 1381 1313 1428 1771.

266 1483 460 1545 Sanctissime
471 1501 508 1544 ec
516 1485 683 1545 maaseme
690 1490 726 1546 ta
735 1484 853 1548 curato
864 1486 968 1556 Peter,
981 1485 1111 1546 Domine
1122 1482 1378 1547 clementissime.

227 1577 299 1640 Post
317 1577 420 1641 oscula
435 1579 547 1660 pedum
563 1580 735 1643 Sanctitatis
746 1583 859 1643 Vestre
873 1579 933 1642 mei
940 1623 949 1661 ,
964 1579 1110 1659 regnique
1122 1597 1158 1641 ac
1170 1579 1380 1641 Dominiorunr

226 1694 363 1737 meorum
383 1677 583 1738 humillimam
603 1678 908 1740 commendationem.
929 1675 1038 1738 Statim
1062 1681 1096 1737 ut
1112 1674 1379 1739 reverendissimus

227 1773 257 1833 in
271 1773 388 1835 Christo
402 1776 491 1835 Pater
505 1774 654 1855 losephus
665 1775 807 1856 Garampi
828 1775 1071 1856 archiepiscopus
1090 1774 1190 1856 Beryti
1203 1775 1378 1842 Sanctitatis

225 1870 483 1933 vestreadmcet
494 1889 619 1952 mgnum
630 1890 733 1958 meum
745 1872 868 1936 nuntius
879 1871 1004 1934 feliciter
1016 1870 1136 1933 inbanc
1148 1870 1300 1934 civitatem
1309 1891 1365 1954 per

225 1967 323 2043 venit,
336 1967 466 2031 reddidit
479 1967 552 2029 mibi
563 1987 634 2030 suas
644 1968 674 2030 in
685 1967 785 2032 torma
793 1968 897 2032 Brevis
910 1968 1011 2030 literas
1021 2012 1030 2045 ,
1039 1986 1116 2048 quas
1126 1967 1205 2030 mira
1214 1968 1308 2031 animi
1317 1988 1378 2033 mer

224 2063 424 2127 oblectatione
435 2066 535 2146 recepi
545 2073 578 2127 et
590 2065 713 2146 perlegi.
728 2068 761 2128 ln
772 2065 955 2145 gravissimis
969 2065 1122 2127 enimvero
1134 2064 1281 2145 augustiis
1291 2111 1300 2143 ,
1312 2067 1379 2146 qui-

225 2161 281 2223 bus
294 2182 341 2224 res
352 2161 443 2242 bujus
453 2163 635 2244 reipublice,
648 2163 812 2244 presertim
821 2181 901 2225 nunc
910 2162 1134 2241 sumebamus,
1146 2180 1207 2224 uon
1220 2162 1377 2226 modicum

224 2258 367 2320 solatium
380 2258 454 2320 mibi
467 2259 608 2337 obvenit,
619 2274 691 2321 curu
709 2277 747 2322 ex
758 2258 889 2340 prefatis
902 2258 1013 2337 literis,
1027 2268 1092 2322 turn
1106 2275 1143 2321 er
1158 2257 1377 2337 significatione

222 2356 294 2417 dicti
306 2356 420 2436 prelati
431 2356 563 2436 perbelle
576 2355 771 2436 intelligerem
787 2357 825 2421 de
835 2363 968 2437 paterae
979 2354 1222 2419 luculentissime
1241 2356 1378 2419 caritatis

224 2448 255 2510 in
269 2467 319 2511 me
331 2457 362 2512 et
381 2469 510 2530 regnum
522 2468 624 2514 merum
638 2452 811 2516 Sanctitatis
822 2455 935 2516 vestre
953 2452 1111 2530 sensibus,
1124 2469 1255 2532 quorum
1275 2454 1376 2516 conti-

223 2564 316 2607 nuam
331 2548 511 2610 memoriam
531 2556 620 2628 grato
643 2549 744 2612 animo
768 2550 895 2613 servabo
910 2555 942 2613 et
962 2548 1105 2613 recolam.
1129 2550 1240 2630 Pergat
1262 2549 1374 2612 amabo

223 2644 373 2705 Sanctitas
383 2646 491 2706 Vestra
502 2645 534 2707 in
543 2646 752 2726 prosequendo
763 2665 1005 2730 meregnumque
1016 2667 1120 2712 uacum
1131 2649 1373 2713 suavissimosuo

223 2756 343 2818 amore,
356 2740 565 2803 benevolentia
573 2746 604 2804 et
613 2741 737 2820 studiis,
750 2743 906 2823 perarduis
917 2764 989 2809 vero
1002 2746 1095 2808 rebus
1105 2747 1164 2808 mei
1180 2746 1262 2827 regni
1274 2747 1373 2827 potis-

222 2837 334 2898 dmum
345 2837 542 2918 adpraesens,
555 2842 924 2922 presummaquapollet
944 2843 1026 2924 apud
1038 2842 1192 2924 Principes
1208 2843 1374 2907 catholicos

223 2935 413 3011 auctoritate,
421 2934 584 2999 efficaciter
596 2936 726 3000 masaa
735 2937 842 3017 Agitur
849 2957 941 3018 nunc,
950 2938 1125 3002 Rectissime
1132 2941 1234 3018 Pater,
1244 2939 1375 3024 dc-avcr·

222 3031 320 3094 tendis
332 3031 435 3110 malm,
450 3051 586 3113 quenon
595 3032 667 3097 buic
683 3033 830 3098 demtarat
840 3053 949 3115 regno,
964 3034 1059 3098 sedet
1071 3035 1207 3117 religioni
1219 3036 1375 3099 catholice

221 3149 368 3213 perquem
381 3133 671 3214 ementpemicioem
691 3139 799 3213 prout,
809 3133 908 3196 nullus
918 3133 1036 3212 dubito,
1046 3135 1112 3212 jam
1122 3134 1282 3197 Sanctitati
1296 3137 1375 3197 Ves-

221 3230 609 3311 treapprimeestnotum.
944 3228 946 3233 ’

262 3327 305 3385 uo
314 3332 421 3387 cetero
429 3326 577 3387 maximas
586 3326 742 3389 sanctitati
754 3327 867 3389 Vestre
876 3326 973 3388 resero
982 3326 1198 3408 gr·aiias‚quod
1210 3327 1250 3388 ad
1259 3326 1371 3389 obeun-

190 3439 192 3442 ’
221 3422 295 3484 dum
311 3440 422 3485 munus
436 3424 577 3485 ordinarii
591 3424 638 3486 sui
654 3423 735 3504 apud
752 3431 842 3486 meet
855 3424 933 3487 banc
944 3425 1162 3506 rempublicam
1174 3424 1272 3487 nuntii
1286 3422 1366 3485 desi-

219 3523 356 3599 gnaverit
370 3528 573 3585 memoratum
586 3522 876 3585 Reverendissinrum
890 3523 920 3584 in
935 3522 1052 3586 Christo
1070 3525 1191 3585 Patrem
1203 3520 1370 3600 archicpis-

220 3638 330 3699 copum
342 3622 458 3702 Beryti,
472 3621 524 3702 qui
540 3640 595 3702 pro
615 3620 815 3700 singularibus
837 3620 928 3682 animi
948 3620 995 3682 sui
1009 3620 1170 3682 virtutibus
1191 3638 1227 3680 ac
1246 3617 1369 3679 dotibus

221 3714 291 3774 mibi
300 3716 403 3794 nequit
412 3736 472 3778 uon
479 3736 544 3778 csse
551 3716 786 3796 acceptissimus.
798 3718 856 3777 Pro
867 3736 973 3778 eorum
984 3714 1368 3800 proindeconsiderationc,

219 3827 303 3889 reque
320 3829 356 3870 ac
369 3830 424 3891 pro
440 3831 560 3874 summa
570 3831 638 3874 mca
649 3812 680 3872 in
694 3813 889 3874 sanctitatem
904 3814 1040 3874 Vestram
1054 3821 1086 3876 ct
1100 3814 1239 3877 Sanctam
1258 3814 1370 3876 Sedenr

221 3910 425 3990 apostolicam
447 3912 558 3992 pictate
578 3918 608 3972 et
622 3909 781 3974 devotione
790 3958 798 3989 ,
813 3911 886 3973 nihil
899 3912 929 3973 in
943 3913 1126 3976 cumulando
1143 3912 1225 3975 dicto
1245 3915 1370 3995 prelato

219 4007 413 4070 humanitatis
426 4014 457 4069 ct
469 4000 682 4070 benovolentia
699 4024 772 4070 mee
785 4009 892 4070 officiis
906 4028 1039 4089 unquam
1054 4010 1263 4073 intermittam.

258 4107 300 4167 Ne
310 4125 381 4168 vero
392 4105 534 4187 prolixior
545 4105 601 4166 sim
611 4107 642 4166 in
656 4106 737 4168 hisco
752 4107 828 4168 meis
837 4109 930 4170 literis
941 4116 971 4170 ct
982 4109 1105 4189 perinde
1120 4109 1278 4171 Sanctitati
1293 4111 1370 4170 Ves-

219 4209 270 4260 tre
285 4204 442 4282 molestns3
456 4201 655 4265 illustrissimo
669 4209 701 4263 et
714 4204 960 4266 reverendissimo
978 4205 1102 4266 domino
1115 4206 1260 4267 cardinali
1273 4225 1368 4267 sccrc

219 4295 294 4356 tario
308 4299 409 4361 Status
422 4298 632 4380 exponendum
647 4302 747 4361 censui
766 4299 812 4376 id,
834 4300 915 4380 quod
932 4298 1154 4380 promotionem
1176 4300 1368 4361 Reverendis-

218 4394 282 4455 simi
304 4395 404 4455 Durini
420 4397 583 4458 immediati
607 4398 686 4478 apud
702 4417 749 4459 rue
770 4406 800 4458 ct
822 4398 1039 4477 rempublicam
1056 4398 1175 4472 Nuntii,
1198 4398 1366 4478 spectabat.

218 4495 412 4558 Sanctitatem
427 4515 496 4556 vero
511 4499 646 4559 Vestram
662 4497 856 4576 presentibus
872 4495 1017 4557 duntaxat
1040 4515 1111 4576 rogo
1120 4541 1127 4571 ‚
1148 4504 1180 4557 ut
1201 4496 1366 4558 corunderu
