3194 5354
480 490 660 546 EPISTOLAE
679 491 723 544 ET
741 491 877 547 BREViA
894 490 1127 548 secretione.
1325 502 1371 551 121

232 597 338 661 ceretis
351 598 412 658 Nos
425 613 614 657 summorum
625 596 803 677 pontificum
813 614 849 658 ac
863 614 969 676 regum
979 642 987 674 ,
999 614 1129 677 quorum
1140 595 1284 677 imagines
1295 601 1375 681 apud

231 717 285 761 vos
298 702 499 773 asservantur,
510 695 541 756 in
551 695 765 758 benevolentiae
773 713 845 775 erga
860 702 992 756 vestram
1002 695 1177 757 societatem
1184 699 1376 761 contentione

143 784 149 795 ’
232 798 338 861 cedere
354 795 478 858 nemini.
499 797 614 858 Verum
631 813 701 858 cum
714 793 864 857 artificum
877 793 998 856 solertia
1015 792 1089 855 illud
1102 794 1218 874 assequi
1233 812 1293 857 non
1308 815 1376 877 pos

230 898 285 976 sit,
300 897 381 958 idem
392 914 486 978 opera
497 901 599 958 nostra
615 901 649 957 ut
661 899 852 976 prestamus,
869 892 900 952 in
914 893 976 953 Nos
987 891 1043 972 ipsi
1061 890 1233 971 recipimus.
1249 893 1376 954 (iurabi-

230 1010 298 1053 mus
312 999 408 1070 oerte,
422 998 453 1053 et
463 1009 661 1072 quaecmque
677 990 716 1053 ab
728 989 940 1053 amantissimis
954 987 1127 1070 parentibus
1137 988 1168 1049 in
1179 987 1289 1051 liberos
1304 1009 1375 1072 pro·

230 1088 321 1151 iicisci
342 1095 485 1170 possunt,
505 1107 542 1150 ea
554 1095 588 1150 ut
606 1088 637 1149 in
648 1107 701 1150 vos
720 1106 776 1169 pro
796 1102 898 1148 rerum
914 1103 950 1147 ac
962 1092 1133 1165 temporum
1151 1086 1375 1167 opportunitate

230 1187 431 1249 conseramus.
454 1189 557 1268 Neque
571 1187 652 1249 enim
674 1205 808 1268 unquam
822 1187 852 1248 in
871 1185 965 1247 Vobis
982 1185 1155 1266 diligendis,
1173 1195 1263 1267 atque
1282 1188 1374 1250 etiam

229 1286 388 1363 emendis,
413 1293 465 1348 aut
478 1286 587 1347 meritc
610 1293 727 1363 vestro,
746 1293 797 1347 aut
815 1283 980 1364 cupiditate
1001 1290 1110 1345 nostra
1122 1283 1254 1346 defuturi
1268 1284 1371 1348 simus.

229 1385 326 1464 AEque
340 1384 369 1444 in
386 1384 476 1463 hujus
488 1384 650 1445 voluntatis
670 1384 778 1464 pignus
798 1380 995 1463 apostolicam
1013 1379 1252 1442 benedictionem
1272 1380 1372 1458 vobis,

228 1478 327 1542 dilecti
348 1480 419 1558 tilii,
438 1481 641 1562 universaque
665 1479 799 1543 societati
820 1485 1009 1560 peramanter
1031 1479 1231 1561 impertimur.
1257 1483 1373 1542 Datum

229 1582 261 1637 in
282 1596 351 1640 arce
368 1579 544 1658 Gandulpbi
558 1580 739 1641 libanensis
758 1579 905 1648 diaecesis,
919 1585 989 1650 etc,
1002 1578 1052 1638 die
1075 1589 1109 1639 tt
1123 1579 1254 1640 octobris
1278 1589 1371 1652 177⁰,

225 1678 416 1754 pontificales
429 1681 525 1738 nostri
534 1695 613 1737 anno
625 1677 762 1737 secando.

707 1787 884 1798 ..--—---

752 1895 837 1964 clx.

632 2053 822 2096 venantem
844 2053 959 2094 anstai

456 2156 752 2218 stolsnlunno
789 2157 1151 2218 cflalsroeflono

542 2281 791 2331 aacamnscoao
807 2282 1048 2334 satisnuncansi
1162 2261 1165 2264 ⁴

507 2387 765 2468 CLEMENS
801 2391 934 2468 PAPA
961 2390 1077 2468 XIV.

795 2543 822 2590 ln
836 2546 898 2591 Arce
909 2542 1059 2605 Gmdulpni,
1076 2549 1106 2593 20
1115 2542 1220 2592 octobris
1236 2546 1304 2592 1770.

270 2644 465 2713 Venerabilis,
481 2651 539 2705 etc.
562 2645 702 2725 Cogrritus
721 2646 814 2708 Nobis
831 2654 877 2709 est
887 2648 1022 2727 jamdiu,
1037 2649 1286 2730 vehementerque
1298 2667 1371 2729 pro·

225 2738 314 2800 batus
332 2747 402 2801 tuus
421 2740 453 2801 in
474 2742 616 2821 pastorali
638 2743 808 2822 peragendo
823 2744 1006 2823 ministerio,
1022 2765 1058 2808 ac
1078 2746 1206 2807 inomni
1228 2746 1367 2808 Ecclesia

224 2837 379 2898 retinendo
397 2838 567 2918 tuendoque
583 2841 650 2917 jure
670 2841 905 2905 studiosissimus
923 2844 1062 2905 animus:
1079 2843 1132 2905 sed
1151 2844 1293 2906 eumdem
1309 2845 1368 2906 boc

225 2943 359 3014 tempore
373 2936 469 2997 multo
484 2936 576 2996 etiam
589 2936 787 2998 luculentiore
810 2938 919 3000 indicio
939 2939 1136 3020 perspicimus
1156 2957 1193 3001 ex
1212 2940 1248 3000 iis
1266 2941 1368 3001 omni-

136 3075 141 3089 ,
224 3031 280 3092 bus
291 3049 357 3110 quae
369 3030 407 3092 de
418 3031 476 3093 isto
494 3038 593 3092 vestro
603 3031 827 3093 venerabilium
840 3036 979 3095 Fratrum
991 3052 1152 3113 congressu
1167 3034 1205 3095 ad
1219 3036 1279 3095 Nos
1292 3034 1368 3097 aile-

222 3134 340 3187 runtur.
355 3125 475 3206 Optimo
488 3142 560 3186 sane
573 3125 697 3187 consilio
709 3126 839 3189 indictus
848 3129 897 3189 ille
907 3127 978 3207 tuit,
993 3136 1027 3191 ut
1039 3128 1087 3190 his
1098 3127 1282 3191 difficillimis
1294 3137 1369 3193 tem-

221 3224 347 3306 poribus
357 3225 388 3285 in
397 3241 558 3286 commune
567 3225 776 3287 consultaretis
783 3271 792 3304 ,
802 3245 869 3307 quar
878 3226 976 3307 aptior
986 3227 1025 3288 sit
1037 3225 1264 3305 evitandorum,
1277 3234 1368 3308 atquc

221 3322 453 3385 minuendorum
467 3321 606 3385 Ecclesia
628 3321 875 3385 detrimentorum
888 3323 984 3402 ratio,
1004 3342 1040 3385 ac
1060 3330 1095 3385 ut
1113 3322 1201 3386 dictis
1216 3343 1234 3385 a
1247 3343 1368 3406 quoque

222 3420 375 3482 sententiis
394 3419 567 3501 mutuisque
583 3419 675 3481 etiarn
696 3420 845 3483 intervos
865 3420 1123 3484 exhortationibus
1144 3421 1365 3500 excitaremini,

223 3534 260 3577 na
272 3516 345 3597 quid
356 3535 375 3578 a
388 3515 473 3578 vobis
488 3516 519 3577 in
536 3521 622 3578 tanto
639 3516 810 3580 discrimine
823 3519 903 3580 lente
917 3535 953 3580 ac
965 3518 1090 3581 remisse
1109 3517 1179 3596 fiat,
1196 3519 1249 3580 sed
1264 3520 1366 3582 omnia

222 3621 395 3677 constanter
409 3632 445 3676 ac
457 3613 573 3676 fortiter
586 3634 624 3677 ex
636 3615 769 3677 muneris
780 3615 870 3677 vestri
882 3616 1016 3693 ratione,
1032 3634 1069 3678 ex
1082 3632 1184 3676 rerum
1201 3614 1366 3696 gravitate,

223 3722 312 3794 atque
332 3734 369 3777 ex
389 3714 456 3795 ipsa
475 3714 619 3795 temporis
643 3713 868 3795 opportunitate
890 3713 1100 3775 decamantur.
1128 3713 1287 3774 Precianas
1306 3713 1365 3775 illic

223 3830 288 3874 esse
299 3814 437 3876 novimus
450 3813 582 3876 actiones
598 3820 683 3890 tuas,
700 3830 825 3893 queque
838 3818 868 3873 et
881 3811 1042 3892 episcopali
1057 3810 1175 3890 officio,
1190 3820 1221 3874 et
1240 3812 1365 3894 pristino
1440 3805 1444 3812 ’

223 3915 277 3971 tuo
294 3909 325 3971 in
335 3911 500 3972 Ecclesiam
514 3910 613 3972 studio
627 3910 745 3990 egregie
764 3909 966 3972 consentiunt.
979 3910 1125 3990 Maiorem
1137 3911 1238 3992 itaque
1253 3911 1284 3973 in
1296 3931 1366 3973 mo-

221 4006 296 4068 dum
307 4006 389 4070 bisce
400 4006 539 4070 laudibus
553 4008 612 4069 tuis
622 4005 760 4068 delectati
772 4024 891 4083 sumus;
907 4025 977 4068 cum
991 4007 1072 4069 enim
1086 4015 1173 4070 antea
1185 4007 1267 4070 teob
1280 4013 1366 4069 tuam

220 4103 382 4183 plurimam
400 4103 575 4184 ingerendo
593 4104 786 4184 episcopatu,
808 4103 898 4164 iidem
914 4104 1045 4166 maxime
1058 4103 1242 4185 diligendum
1261 4121 1280 4164 a
1300 4104 1378 4164 No·
1405 4125 1411 4182 Q

222 4200 283 4278 bis,
301 4220 338 4264 ac
356 4202 476 4284 plurimi
490 4202 661 4264 iaciendum
673 4220 736 4263 esse
756 4201 961 4278 statuerimus,
984 4202 1068 4263 novis
1083 4200 1174 4262 modo
1187 4199 1365 4282 eximiisque

221 4299 357 4359 exornari
375 4305 406 4360 tc
418 4299 532 4361 meritis
545 4300 670 4361 mirilico
690 4318 761 4361 sane
779 4307 809 4360 et
821 4299 1005 4378 gaudemus,
1024 4307 1054 4359 et
1067 4296 1160 4359 Nobis
1179 4297 1270 4359 etiam
1292 4298 1365 4380 ipsis

220 4394 416 4470 gratulamur.
430 4398 504 4459 Cum
520 4397 594 4459 adeo
616 4397 705 4476 igitur
718 4403 853 4457 nostrum
866 4397 904 4457 dc
918 4405 971 4457 tua
983 4395 1091 4456 virtute
1101 4394 1249 4473 judicium
1271 4415 1364 4459 auxe-

221 4489 276 4570 ris,
295 4509 347 4554 eas
368 4493 531 4573 maximas,
553 4513 628 4575 quas
651 4494 810 4570 debemus,
833 4493 886 4553 tibi
909 4491 1010 4553 laardes
1028 4491 1364 4572 commendationesque
