<?xml version="1.0" encoding="UTF-8"?>
<!DOCTYPE html PUBLIC "-//W3C//DTD XHTML 1.0 Transitional//EN"
    "http://www.w3.org/TR/xhtml1/DTD/xhtml1-transitional.dtd">
<html xmlns="http://www.w3.org/1999/xhtml" xml:lang="en" lang="en">
 <head>
  <title>
</title>
<meta http-equiv="Content-Type" content="text/html;charset=utf-8" />
  <meta name='ocr-system' content='tesseract 3.04.00' />
  <meta name='ocr-capabilities' content='ocr_page ocr_carea ocr_par ocr_line ocrx_word'/>
</head>
<body>
  <div class='ocr_page' id='page_1' title='image "./clementisxivpon01clemgoog_0411.png"; bbox 0 0 3194 5354; ppageno 0'>
   <div class='ocr_carea' id='block_1_1' title="bbox 309 484 1022 552">
    <p class='ocr_par' dir='ltr' id='par_1_1' title="bbox 309 484 1022 552">
     <span class='ocr_line' id='line_1_1' title="bbox 309 484 1022 552; baseline -0.007 0"><span class='ocrx_word' id='word_1_1' title='bbox 309 501 363 552; x_wconf 84' lang='lat' dir='ltr'><strong>aso</strong></span> <span class='ocrx_word' id='word_1_2' title='bbox 733 484 936 550; x_wconf 62' lang='lat' dir='ltr'><strong>minuentis</strong></span> <span class='ocrx_word' id='word_1_3' title='bbox 955 494 1022 549; x_wconf 81' lang='lat' dir='ltr'><strong>xlv</strong></span> 
     </span>
    </p>
   </div>
   <div class='ocr_carea' id='block_1_2' title="bbox 275 596 1467 4490">
    <p class='ocr_par' dir='ltr' id='par_1_2' title="bbox 305 596 1457 970">
     <span class='ocr_line' id='line_1_2' title="bbox 305 596 1457 678; baseline 0.005 -16"><span class='ocrx_word' id='word_1_4' title='bbox 305 599 411 662; x_wconf 88' lang='lat' dir='ltr'><strong>eadem</strong></span> <span class='ocrx_word' id='word_1_5' title='bbox 422 597 500 660; x_wconf 88' lang='lat' dir='ltr'><strong>Petri</strong></span> <span class='ocrx_word' id='word_1_6' title='bbox 511 596 780 674; x_wconf 83' lang='lat' dir='ltr'><strong>Cuthedra,divina</strong></span> <span class='ocrx_word' id='word_1_7' title='bbox 791 597 968 678; x_wconf 76' lang='lat' dir='ltr'><strong>disponente</strong></span> <span class='ocrx_word' id='word_1_8' title='bbox 975 599 1150 675; x_wconf 76' lang='lat' dir='ltr'>Clementia,</span> <span class='ocrx_word' id='word_1_9' title='bbox 1161 600 1457 668; x_wconf 81' lang='lat' dir='ltr'><strong>mnstitutiscaedem</strong></span> 
     </span>
     <span class='ocr_line' id='line_1_3' title="bbox 305 695 1457 780; baseline 0.003 -21"><span class='ocrx_word' id='word_1_10' title='bbox 305 699 409 762; x_wconf 85' lang='lat' dir='ltr'><strong>statim</strong></span> <span class='ocrx_word' id='word_1_11' title='bbox 420 696 527 759; x_wconf 80' lang='lat' dir='ltr'><strong>oblata</strong></span> <span class='ocrx_word' id='word_1_12' title='bbox 539 702 608 758; x_wconf 87' lang='lat' dir='ltr'><strong>sunt</strong></span> <span class='ocrx_word' id='word_1_13' title='bbox 616 713 738 776; x_wconf 80' lang='lat' dir='ltr'><strong>preces,</strong></span> <span class='ocrx_word' id='word_1_14' title='bbox 751 695 925 775; x_wconf 84' lang='lat' dir='ltr'><strong>petitiones,</strong></span> <span class='ocrx_word' id='word_1_15' title='bbox 939 702 969 757; x_wconf 91' lang='lat' dir='ltr'><strong>et</strong></span> <span class='ocrx_word' id='word_1_16' title='bbox 979 702 1064 772; x_wconf 90' lang='lat' dir='ltr'><strong>vota,</strong></span> <span class='ocrx_word' id='word_1_17' title='bbox 1078 695 1189 775; x_wconf 89' lang='lat' dir='ltr'><strong>quibus</strong></span> <span class='ocrx_word' id='word_1_18' title='bbox 1198 714 1255 758; x_wconf 91' lang='lat' dir='ltr'><strong>sua</strong></span> <span class='ocrx_word' id='word_1_19' title='bbox 1266 716 1388 780; x_wconf 90' lang='lat' dir='ltr'><strong>quoquc</strong></span> <span class='ocrx_word' id='word_1_20' title='bbox 1398 702 1457 762; x_wconf 91' lang='lat' dir='ltr'><strong>ad-</strong></span> 
     </span>
     <span class='ocr_line' id='line_1_4' title="bbox 305 790 1457 874; baseline 0.002 -18"><span class='ocrx_word' id='word_1_21' title='bbox 305 793 446 856; x_wconf 87' lang='lat' dir='ltr'><strong>diderunt</strong></span> <span class='ocrx_word' id='word_1_22' title='bbox 456 791 567 869; x_wconf 91' lang='lat' dir='ltr'><strong>studia,</strong></span> <span class='ocrx_word' id='word_1_23' title='bbox 581 790 732 871; x_wconf 82' lang='lat' dir='ltr'><strong>animique</strong></span> <span class='ocrx_word' id='word_1_24' title='bbox 743 791 922 854; x_wconf 86' lang='lat' dir='ltr'><strong>sententiam</strong></span> <span class='ocrx_word' id='word_1_25' title='bbox 932 791 1071 872; x_wconf 82' lang='lat' dir='ltr'><strong>Episcopi</strong></span> <span class='ocrx_word' id='word_1_26' title='bbox 1082 792 1265 873; x_wconf 82' lang='lat' dir='ltr'><strong>complures,</strong></span> <span class='ocrx_word' id='word_1_27' title='bbox 1279 793 1388 874; x_wconf 88' lang='lat' dir='ltr'><strong>aliique</strong></span> <span class='ocrx_word' id='word_1_28' title='bbox 1400 798 1457 858; x_wconf 90' lang='lat' dir='ltr'><strong>viri</strong></span> 
     </span>
     <span class='ocr_line' id='line_1_5' title="bbox 306 889 1149 970; baseline -0.004 -17"><span class='ocrx_word' id='word_1_29' title='bbox 306 891 469 970; x_wconf 89' lang='lat' dir='ltr'><strong>dignitate,</strong></span> <span class='ocrx_word' id='word_1_30' title='bbox 481 889 636 966; x_wconf 91' lang='lat' dir='ltr'><strong>doctrina,</strong></span> <span class='ocrx_word' id='word_1_31' title='bbox 650 889 792 968; x_wconf 86' lang='lat' dir='ltr'><strong>religione</strong></span> <span class='ocrx_word' id='word_1_32' title='bbox 806 889 971 970; x_wconf 89' lang='lat' dir='ltr'><strong>plurimum</strong></span> <span class='ocrx_word' id='word_1_33' title='bbox 983 889 1149 970; x_wconf 82' lang='lat' dir='ltr'><strong>conspicui.</strong></span> 
     </span>
    </p>

    <p class='ocr_par' dir='ltr' id='par_1_3' title="bbox 275 985 1461 2821">
     <span class='ocr_line' id='line_1_6' title="bbox 348 985 1458 1070; baseline 0.002 -22"><span class='ocrx_word' id='word_1_34' title='bbox 348 1000 397 1048; x_wconf 67' lang='grc' dir='ltr'><strong>ιι.</strong></span> <span class='ocrx_word' id='word_1_35' title='bbox 417 988 457 1049; x_wconf 92' lang='lat' dir='ltr'><strong>Ut</strong></span> <span class='ocrx_word' id='word_1_36' title='bbox 468 992 570 1048; x_wconf 89' lang='lat' dir='ltr'><strong>autem</strong></span> <span class='ocrx_word' id='word_1_37' title='bbox 580 985 611 1046; x_wconf 93' lang='lat' dir='ltr'><strong>in</strong></span> <span class='ocrx_word' id='word_1_38' title='bbox 624 1004 656 1047; x_wconf 83' lang='lat' dir='ltr'><strong>re</strong></span> <span class='ocrx_word' id='word_1_39' title='bbox 668 992 732 1047; x_wconf 90' lang='lat' dir='ltr'><strong>tam</strong></span> <span class='ocrx_word' id='word_1_40' title='bbox 744 986 846 1066; x_wconf 89' lang='lat' dir='ltr'><strong>gravi,</strong></span> <span class='ocrx_word' id='word_1_41' title='bbox 861 986 996 1066; x_wconf 90' lang='lat' dir='ltr'><strong>tantique</strong></span> <span class='ocrx_word' id='word_1_42' title='bbox 1008 986 1153 1047; x_wconf 80' lang='lat' dir='ltr'><strong>momenti</strong></span> <span class='ocrx_word' id='word_1_43' title='bbox 1164 987 1345 1050; x_wconf 83' lang='lat' dir='ltr'><strong>tutissimum</strong></span> <span class='ocrx_word' id='word_1_44' title='bbox 1359 1008 1458 1070; x_wconf 91' lang='lat' dir='ltr'><strong>cape-</strong></span> 
     </span>
     <span class='ocr_line' id='line_1_7' title="bbox 307 1081 1457 1164; baseline -0.003 -14"><span class='ocrx_word' id='word_1_45' title='bbox 307 1105 408 1150; x_wconf 89' lang='lat' dir='ltr'><strong>remus</strong></span> <span class='ocrx_word' id='word_1_46' title='bbox 422 1085 596 1162; x_wconf 84' lang='lat' dir='ltr'><strong>mnsilium,</strong></span> <span class='ocrx_word' id='word_1_47' title='bbox 610 1083 753 1145; x_wconf 89' lang='lat' dir='ltr'><strong>diuturno</strong></span> <span class='ocrx_word' id='word_1_48' title='bbox 767 1081 860 1144; x_wconf 87' lang='lat' dir='ltr'><strong>Nobis</strong></span> <span class='ocrx_word' id='word_1_49' title='bbox 877 1082 1021 1162; x_wconf 86' lang='lat' dir='ltr'><strong>temporis</strong></span> <span class='ocrx_word' id='word_1_50' title='bbox 1034 1083 1138 1163; x_wconf 87' lang='lat' dir='ltr'><strong>spacio</strong></span> <span class='ocrx_word' id='word_1_51' title='bbox 1153 1101 1231 1164; x_wconf 87' lang='lat' dir='ltr'><strong>opus</strong></span> <span class='ocrx_word' id='word_1_52' title='bbox 1249 1102 1315 1146; x_wconf 86' lang='lat' dir='ltr'><strong>esse</strong></span> <span class='ocrx_word' id='word_1_53' title='bbox 1331 1086 1457 1164; x_wconf 84' lang='lat' dir='ltr'><strong>judica-</strong></span> 
     </span>
     <span class='ocr_line' id='line_1_8' title="bbox 306 1178 1458 1261; baseline -0.003 -14"><span class='ocrx_word' id='word_1_54' title='bbox 306 1185 414 1261; x_wconf 89' lang='lat' dir='ltr'><strong>vimus,</strong></span> <span class='ocrx_word' id='word_1_55' title='bbox 429 1201 491 1246; x_wconf 93' lang='lat' dir='ltr'><strong>non</strong></span> <span class='ocrx_word' id='word_1_56' title='bbox 502 1181 594 1244; x_wconf 92' lang='lat' dir='ltr'><strong>modo</strong></span> <span class='ocrx_word' id='word_1_57' title='bbox 608 1186 643 1242; x_wconf 91' lang='lat' dir='ltr'><strong>ut</strong></span> <span class='ocrx_word' id='word_1_58' title='bbox 655 1180 811 1260; x_wconf 85' lang='lat' dir='ltr'><strong>diligenter</strong></span> <span class='ocrx_word' id='word_1_59' title='bbox 820 1178 980 1259; x_wconf 75' lang='lat' dir='ltr'><strong>inquirere,</strong></span> <span class='ocrx_word' id='word_1_60' title='bbox 989 1179 1139 1241; x_wconf 88' lang='lat' dir='ltr'><strong>maturius</strong></span> <span class='ocrx_word' id='word_1_61' title='bbox 1149 1180 1327 1260; x_wconf 84' lang='lat' dir='ltr'><strong>expendere,</strong></span> <span class='ocrx_word' id='word_1_62' title='bbox 1341 1188 1372 1244; x_wconf 88' lang='lat' dir='ltr'><strong>et</strong></span> <span class='ocrx_word' id='word_1_63' title='bbox 1382 1201 1458 1244; x_wconf 88' lang='lat' dir='ltr'><strong>con-</strong></span> 
     </span>
     <span class='ocr_line' id='line_1_9' title="bbox 306 1277 1459 1358; baseline -0.001 -15"><span class='ocrx_word' id='word_1_64' title='bbox 306 1280 465 1344; x_wconf 85' lang='lat' dir='ltr'><strong>sultissime</strong></span> <span class='ocrx_word' id='word_1_65' title='bbox 484 1279 649 1341; x_wconf 84' lang='lat' dir='ltr'><strong>deliberare</strong></span> <span class='ocrx_word' id='word_1_66' title='bbox 663 1295 835 1358; x_wconf 86' lang='lat' dir='ltr'><strong>possemus,</strong></span> <span class='ocrx_word' id='word_1_67' title='bbox 853 1277 1063 1339; x_wconf 88' lang='lat' dir='ltr'><strong>verumetiam</strong></span> <span class='ocrx_word' id='word_1_68' title='bbox 1076 1277 1224 1340; x_wconf 87' lang='lat' dir='ltr'><strong>utmultis</strong></span> <span class='ocrx_word' id='word_1_69' title='bbox 1238 1278 1409 1358; x_wconf 79' lang='lat' dir='ltr'><strong>gemitibus,</strong></span> <span class='ocrx_word' id='word_1_70' title='bbox 1424 1289 1459 1342; x_wconf 86' lang='lat' dir='ltr'><strong>et</strong></span> 
     </span>
     <span class='ocr_line' id='line_1_10' title="bbox 275 1373 1454 1457; baseline 0.001 -20"><span class='ocrx_word' id='word_1_71' title='bbox 275 1389 282 1413; x_wconf 67' lang='lat'>⁸</span> <span class='ocrx_word' id='word_1_72' title='bbox 306 1373 1454 1457; x_wconf 84' lang='lat' dir='ltr'><strong>continuisprecibussingulareaPatreluminumexposceremusausilium,</strong></span> 
     </span>
     <span class='ocr_line' id='line_1_11' title="bbox 306 1468 1457 1553; baseline 0.001 -20"><span class='ocrx_word' id='word_1_73' title='bbox 306 1479 337 1533; x_wconf 93' lang='lat' dir='ltr'><strong>et</strong></span> <span class='ocrx_word' id='word_1_74' title='bbox 349 1472 537 1552; x_wconf 66' lang='lat' dir='ltr'><strong>presidium</strong></span> <span class='ocrx_word' id='word_1_75' title='bbox 550 1488 611 1551; x_wconf 88' lang='lat' dir='ltr'><strong>qua</strong></span> <span class='ocrx_word' id='word_1_76' title='bbox 621 1469 714 1530; x_wconf 91' lang='lat' dir='ltr'><strong>etiam</strong></span> <span class='ocrx_word' id='word_1_77' title='bbox 724 1469 753 1528; x_wconf 92' lang='lat' dir='ltr'><strong>in</strong></span> <span class='ocrx_word' id='word_1_78' title='bbox 765 1486 798 1528; x_wconf 91' lang='lat' dir='ltr'><strong>re</strong></span> <span class='ocrx_word' id='word_1_79' title='bbox 809 1468 954 1530; x_wconf 88' lang='lat' dir='ltr'><strong>Fidelium</strong></span> <span class='ocrx_word' id='word_1_80' title='bbox 965 1469 1101 1531; x_wconf 87' lang='lat' dir='ltr'><strong>omnium</strong></span> <span class='ocrx_word' id='word_1_81' title='bbox 1114 1469 1264 1550; x_wconf 89' lang='lat' dir='ltr'><strong>precibus,</strong></span> <span class='ocrx_word' id='word_1_82' title='bbox 1275 1469 1457 1553; x_wconf 84' lang='lat' dir='ltr'><strong>pietatisque</strong></span> 
     </span>
     <span class='ocr_line' id='line_1_12' title="bbox 307 1565 1458 1654; baseline -0.003 -19"><span class='ocrx_word' id='word_1_83' title='bbox 307 1571 448 1654; x_wconf 90' lang='lat' dir='ltr'><strong>operibus</strong></span> <span class='ocrx_word' id='word_1_84' title='bbox 462 1573 524 1633; x_wconf 91' lang='lat' dir='ltr'><strong>Nos</strong></span> <span class='ocrx_word' id='word_1_85' title='bbox 538 1568 645 1650; x_wconf 76' lang='lat' dir='ltr'><strong>saepius</strong></span> <span class='ocrx_word' id='word_1_86' title='bbox 659 1566 741 1648; x_wconf 91' lang='lat' dir='ltr'><strong>apud</strong></span> <span class='ocrx_word' id='word_1_87' title='bbox 754 1568 849 1628; x_wconf 90' lang='lat' dir='ltr'><strong>Deum</strong></span> <span class='ocrx_word' id='word_1_88' title='bbox 859 1565 958 1644; x_wconf 84' lang='lat' dir='ltr'><strong>juvari</strong></span> <span class='ocrx_word' id='word_1_89' title='bbox 977 1566 1159 1627; x_wconf 79' lang='lat' dir='ltr'><strong>curavimus.</strong></span> <span class='ocrx_word' id='word_1_90' title='bbox 1176 1568 1356 1628; x_wconf 85' lang='lat' dir='ltr'><strong>Perscrutari</strong></span> <span class='ocrx_word' id='word_1_91' title='bbox 1377 1569 1458 1631; x_wconf 86' lang='lat' dir='ltr'><strong>inter</strong></span> 
     </span>
     <span class='ocr_line' id='line_1_13' title="bbox 307 1663 1459 1748; baseline -0.004 -16"><span class='ocrx_word' id='word_1_92' title='bbox 307 1678 415 1732; x_wconf 81' lang='lat' dir='ltr'><strong>catera</strong></span> <span class='ocrx_word' id='word_1_93' title='bbox 430 1669 598 1745; x_wconf 92' lang='lat' dir='ltr'><strong>voluimus,</strong></span> <span class='ocrx_word' id='word_1_94' title='bbox 613 1686 675 1748; x_wconf 92' lang='lat' dir='ltr'><strong>quo</strong></span> <span class='ocrx_word' id='word_1_95' title='bbox 691 1666 835 1727; x_wconf 85' lang='lat' dir='ltr'><strong>innitatur</strong></span> <span class='ocrx_word' id='word_1_96' title='bbox 847 1663 1042 1725; x_wconf 81' lang='lat' dir='ltr'><strong>fundamento</strong></span> <span class='ocrx_word' id='word_1_97' title='bbox 1056 1671 1218 1745; x_wconf 89' lang='lat' dir='ltr'><strong>pervagata</strong></span> <span class='ocrx_word' id='word_1_98' title='bbox 1232 1664 1282 1726; x_wconf 91' lang='lat' dir='ltr'><strong>illa</strong></span> <span class='ocrx_word' id='word_1_99' title='bbox 1293 1665 1373 1745; x_wconf 93' lang='lat' dir='ltr'><strong>apud</strong></span> <span class='ocrx_word' id='word_1_100' title='bbox 1388 1668 1459 1746; x_wconf 93' lang='lat' dir='ltr'><strong>plu-</strong></span> 
     </span>
     <span class='ocr_line' id='line_1_14' title="bbox 307 1760 1458 1848; baseline -0.004 -20"><span class='ocrx_word' id='word_1_101' title='bbox 307 1768 400 1830; x_wconf 89' lang='lat' dir='ltr'><strong>rimos</strong></span> <span class='ocrx_word' id='word_1_102' title='bbox 419 1767 538 1848; x_wconf 91' lang='lat' dir='ltr'><strong>opinio,</strong></span> <span class='ocrx_word' id='word_1_103' title='bbox 551 1765 736 1844; x_wconf 82' lang='lat' dir='ltr'><strong>Religionem</strong></span> <span class='ocrx_word' id='word_1_104' title='bbox 756 1762 868 1824; x_wconf 89' lang='lat' dir='ltr'><strong>scilicet</strong></span> <span class='ocrx_word' id='word_1_105' title='bbox 881 1761 1063 1823; x_wconf 84' lang='lat' dir='ltr'><strong>Clericorum</strong></span> <span class='ocrx_word' id='word_1_106' title='bbox 1076 1760 1235 1822; x_wconf 83' lang='lat' dir='ltr'><strong>Societatis</strong></span> <span class='ocrx_word' id='word_1_107' title='bbox 1251 1763 1321 1823; x_wconf 85' lang='lat' dir='ltr'><strong>Jesu</strong></span> <span class='ocrx_word' id='word_1_108' title='bbox 1332 1761 1424 1822; x_wconf 83' lang='lat' dir='ltr'><strong>luisse</strong></span> <span class='ocrx_word' id='word_1_109' title='bbox 1437 1782 1458 1823; x_wconf 92' lang='lat' dir='ltr'><strong>a</strong></span> 
     </span>
     <span class='ocr_line' id='line_1_15' title="bbox 307 1858 1458 1941; baseline -0.006 -13"><span class='ocrx_word' id='word_1_110' title='bbox 307 1864 440 1928; x_wconf 82' lang='lat' dir='ltr'><strong>Concilio</strong></span> <span class='ocrx_word' id='word_1_111' title='bbox 455 1863 629 1925; x_wconf 86' lang='lat' dir='ltr'><strong>Tridentino</strong></span> <span class='ocrx_word' id='word_1_112' title='bbox 641 1861 767 1924; x_wconf 87' lang='lat' dir='ltr'><strong>solemni</strong></span> <span class='ocrx_word' id='word_1_113' title='bbox 783 1860 915 1941; x_wconf 90' lang='lat' dir='ltr'><strong>quadam</strong></span> <span class='ocrx_word' id='word_1_114' title='bbox 927 1859 1044 1921; x_wconf 88' lang='lat' dir='ltr'><strong>ratione</strong></span> <span class='ocrx_word' id='word_1_115' title='bbox 1063 1858 1263 1940; x_wconf 78' lang='lat' dir='ltr'><strong>approbatam</strong></span> <span class='ocrx_word' id='word_1_116' title='bbox 1275 1904 1283 1936; x_wconf 95' lang='lat'><strong>,</strong></span> <span class='ocrx_word' id='word_1_117' title='bbox 1297 1867 1328 1920; x_wconf 91' lang='lat' dir='ltr'><strong>et</strong></span> <span class='ocrx_word' id='word_1_118' title='bbox 1340 1859 1458 1921; x_wconf 80' lang='lat' dir='ltr'><strong>contir-</strong></span> 
     </span>
     <span class='ocr_line' id='line_1_16' title="bbox 307 1955 1460 2043; baseline -0.01 -14"><span class='ocrx_word' id='word_1_119' title='bbox 307 1973 441 2042; x_wconf 88' lang='lat' dir='ltr'><strong>matam;</strong></span> <span class='ocrx_word' id='word_1_120' title='bbox 456 1964 589 2043; x_wconf 89' lang='lat' dir='ltr'><strong>nihilque</strong></span> <span class='ocrx_word' id='word_1_121' title='bbox 604 1960 685 2023; x_wconf 88' lang='lat' dir='ltr'><strong>aliud</strong></span> <span class='ocrx_word' id='word_1_122' title='bbox 696 1960 734 2021; x_wconf 89' lang='lat' dir='ltr'><strong>de</strong></span> <span class='ocrx_word' id='word_1_123' title='bbox 743 1978 780 2021; x_wconf 92' lang='lat' dir='ltr'><strong>ea</strong></span> <span class='ocrx_word' id='word_1_124' title='bbox 790 1965 892 2020; x_wconf 88' lang='lat' dir='ltr'><strong>actum</strong></span> <span class='ocrx_word' id='word_1_125' title='bbox 905 1955 995 2018; x_wconf 83' lang='lat' dir='ltr'><strong>luisse</strong></span> <span class='ocrx_word' id='word_1_126' title='bbox 1004 1957 1207 2036; x_wconf 89' lang='lat' dir='ltr'><strong>comperimus</strong></span> <span class='ocrx_word' id='word_1_127' title='bbox 1220 1956 1354 2018; x_wconf 88' lang='lat' dir='ltr'><strong>incitato</strong></span> <span class='ocrx_word' id='word_1_128' title='bbox 1373 1958 1460 2018; x_wconf 84' lang='lat' dir='ltr'><strong>Con-</strong></span> 
     </span>
     <span class='ocr_line' id='line_1_17' title="bbox 307 2053 1461 2141; baseline -0.007 -17"><span class='ocrx_word' id='word_1_129' title='bbox 307 2061 391 2138; x_wconf 88' lang='lat' dir='ltr'><strong>oilio,</strong></span> <span class='ocrx_word' id='word_1_130' title='bbox 408 2079 499 2141; x_wconf 90' lang='lat' dir='ltr'><strong>quam</strong></span> <span class='ocrx_word' id='word_1_131' title='bbox 515 2068 550 2122; x_wconf 94' lang='lat' dir='ltr'><strong>ut</strong></span> <span class='ocrx_word' id='word_1_132' title='bbox 569 2078 587 2120; x_wconf 92' lang='lat' dir='ltr'><strong>a</strong></span> <span class='ocrx_word' id='word_1_133' title='bbox 601 2056 732 2138; x_wconf 88' lang='lat' dir='ltr'><strong>generali</strong></span> <span class='ocrx_word' id='word_1_134' title='bbox 753 2056 804 2117; x_wconf 91' lang='lat' dir='ltr'><strong>illo</strong></span> <span class='ocrx_word' id='word_1_135' title='bbox 823 2053 1010 2134; x_wconf 82' lang='lat' dir='ltr'><strong>exciperetur</strong></span> <span class='ocrx_word' id='word_1_136' title='bbox 1032 2053 1173 2130; x_wconf 90' lang='lat' dir='ltr'><strong>decreto,</strong></span> <span class='ocrx_word' id='word_1_137' title='bbox 1195 2073 1257 2134; x_wconf 92' lang='lat' dir='ltr'><strong>quo</strong></span> <span class='ocrx_word' id='word_1_138' title='bbox 1274 2054 1311 2115; x_wconf 93' lang='lat' dir='ltr'><strong>de</strong></span> <span class='ocrx_word' id='word_1_139' title='bbox 1324 2055 1461 2135; x_wconf 83' lang='lat' dir='ltr'><strong>reliquis</strong></span> 
     </span>
     <span class='ocr_line' id='line_1_18' title="bbox 307 2151 1460 2239; baseline -0.007 -17"><span class='ocrx_word' id='word_1_140' title='bbox 307 2159 493 2239; x_wconf 80' lang='lat' dir='ltr'><strong>regularibus</strong></span> <span class='ocrx_word' id='word_1_141' title='bbox 507 2157 665 2220; x_wconf 86' lang='lat' dir='ltr'><strong>Ordinibus</strong></span> <span class='ocrx_word' id='word_1_142' title='bbox 679 2161 802 2217; x_wconf 89' lang='lat' dir='ltr'><strong>cnutum</strong></span> <span class='ocrx_word' id='word_1_143' title='bbox 819 2152 895 2230; x_wconf 84' lang='lat' dir='ltr'><strong>tuit,</strong></span> <span class='ocrx_word' id='word_1_144' title='bbox 909 2159 944 2213; x_wconf 93' lang='lat' dir='ltr'><strong>ut</strong></span> <span class='ocrx_word' id='word_1_145' title='bbox 954 2151 1040 2212; x_wconf 83' lang='lat' dir='ltr'><strong>finito</strong></span> <span class='ocrx_word' id='word_1_146' title='bbox 1055 2159 1193 2233; x_wconf 87' lang='lat' dir='ltr'><strong>tempore</strong></span> <span class='ocrx_word' id='word_1_147' title='bbox 1209 2152 1390 2229; x_wconf 89' lang='lat' dir='ltr'><strong>novitiatus,</strong></span> <span class='ocrx_word' id='word_1_148' title='bbox 1406 2171 1460 2214; x_wconf 92' lang='lat' dir='ltr'><strong>no·</strong></span> 
     </span>
     <span class='ocr_line' id='line_1_19' title="bbox 308 2247 1459 2337; baseline -0.005 -20"><span class='ocrx_word' id='word_1_149' title='bbox 308 2255 371 2317; x_wconf 87' lang='lat' dir='ltr'><strong>vitii</strong></span> <span class='ocrx_word' id='word_1_150' title='bbox 388 2257 440 2337; x_wconf 92' lang='lat' dir='ltr'><strong>qui</strong></span> <span class='ocrx_word' id='word_1_151' title='bbox 460 2255 558 2317; x_wconf 90' lang='lat' dir='ltr'><strong>idonei</strong></span> <span class='ocrx_word' id='word_1_152' title='bbox 581 2252 693 2323; x_wconf 85' lang='lat' dir='ltr'><strong>inventi</strong></span> <span class='ocrx_word' id='word_1_153' title='bbox 715 2251 825 2312; x_wconf 84' lang='lat' dir='ltr'><strong>luerint</strong></span> <span class='ocrx_word' id='word_1_154' title='bbox 847 2247 885 2310; x_wconf 93' lang='lat' dir='ltr'><strong>ad</strong></span> <span class='ocrx_word' id='word_1_155' title='bbox 906 2247 1109 2328; x_wconf 86' lang='lat' dir='ltr'><strong>profitendum</strong></span> <span class='ocrx_word' id='word_1_156' title='bbox 1132 2248 1349 2327; x_wconf 88' lang='lat' dir='ltr'><strong>admittantur,</strong></span> <span class='ocrx_word' id='word_1_157' title='bbox 1371 2257 1459 2311; x_wconf 91' lang='lat' dir='ltr'><strong>auta</strong></span> 
     </span>
     <span class='ocr_line' id='line_1_20' title="bbox 307 2344 1457 2431; baseline -0.006 -18"><span class='ocrx_word' id='word_1_158' title='bbox 307 2352 490 2413; x_wconf 82' lang='lat' dir='ltr'><strong>llonasterio</strong></span> <span class='ocrx_word' id='word_1_159' title='bbox 503 2351 670 2431; x_wconf 85' lang='lat' dir='ltr'><strong>ejiciantur.</strong></span> <span class='ocrx_word' id='word_1_160' title='bbox 686 2345 890 2422; x_wconf 84' lang='lat' dir='ltr'><strong>Quamobrem</strong></span> <span class='ocrx_word' id='word_1_161' title='bbox 900 2344 1008 2407; x_wconf 86' lang='lat' dir='ltr'><strong>eadem</strong></span> <span class='ocrx_word' id='word_1_162' title='bbox 1018 2344 1272 2426; x_wconf 80' lang='lat' dir='ltr'><strong>sanctasynodus</strong></span> <span class='ocrx_word' id='word_1_163' title='bbox 1289 2346 1384 2424; x_wconf 88' lang='lat' dir='ltr'><strong>(Sess.</strong></span> <span class='ocrx_word' id='word_1_164' title='bbox 1404 2357 1457 2423; x_wconf 70' lang='lat' dir='ltr'><strong>aa,</strong></span> 
     </span>
     <span class='ocr_line' id='line_1_21' title="bbox 307 2441 1461 2528; baseline -0.005 -19"><span class='ocrx_word' id='word_1_165' title='bbox 307 2466 335 2509; x_wconf 92' lang='lat' dir='ltr'><strong>c.</strong></span> <span class='ocrx_word' id='word_1_166' title='bbox 351 2459 399 2524; x_wconf 85' lang='lat' dir='ltr'><strong>to,</strong></span> <span class='ocrx_word' id='word_1_167' title='bbox 409 2447 448 2508; x_wconf 90' lang='lat' dir='ltr'><strong>de</strong></span> <span class='ocrx_word' id='word_1_168' title='bbox 457 2447 596 2528; x_wconf 85' lang='lat' dir='ltr'><strong>ltegular.</strong></span> <span class='ocrx_word' id='word_1_169' title='bbox 609 2450 619 2524; x_wconf 91' lang='grc'>)</span> <span class='ocrx_word' id='word_1_170' title='bbox 632 2444 795 2507; x_wconf 87' lang='lat' dir='ltr'><strong>declaravit</strong></span> <span class='ocrx_word' id='word_1_171' title='bbox 803 2461 836 2504; x_wconf 89' lang='lat' dir='ltr'><strong>sc</strong></span> <span class='ocrx_word' id='word_1_172' title='bbox 845 2443 925 2504; x_wconf 92' lang='lat' dir='ltr'><strong>nolle</strong></span> <span class='ocrx_word' id='word_1_173' title='bbox 936 2441 1049 2521; x_wconf 89' lang='lat' dir='ltr'><strong>aliquid</strong></span> <span class='ocrx_word' id='word_1_174' title='bbox 1062 2441 1205 2502; x_wconf 91' lang='lat' dir='ltr'><strong>innovare</strong></span> <span class='ocrx_word' id='word_1_175' title='bbox 1218 2447 1270 2502; x_wconf 90' lang='lat' dir='ltr'><strong>aut</strong></span> <span class='ocrx_word' id='word_1_176' title='bbox 1281 2441 1461 2522; x_wconf 87' lang='lat' dir='ltr'><strong>probibere,</strong></span> 
     </span>
     <span class='ocr_line' id='line_1_22' title="bbox 306 2542 1458 2627; baseline -0.002 -20"><span class='ocrx_word' id='word_1_177' title='bbox 306 2546 379 2626; x_wconf 93' lang='lat' dir='ltr'><strong>quin</strong></span> <span class='ocrx_word' id='word_1_178' title='bbox 399 2547 543 2627; x_wconf 84' lang='lat' dir='ltr'><strong>praedicta</strong></span> <span class='ocrx_word' id='word_1_179' title='bbox 555 2545 659 2624; x_wconf 87' lang='lat' dir='ltr'><strong>religio</strong></span> <span class='ocrx_word' id='word_1_180' title='bbox 673 2544 855 2606; x_wconf 81' lang='lat' dir='ltr'><strong>clericorum</strong></span> <span class='ocrx_word' id='word_1_181' title='bbox 867 2542 1024 2604; x_wconf 83' lang='lat' dir='ltr'><strong>Societatis</strong></span> <span class='ocrx_word' id='word_1_182' title='bbox 1043 2545 1133 2619; x_wconf 84' lang='lat' dir='ltr'><strong>lesu,</strong></span> <span class='ocrx_word' id='word_1_183' title='bbox 1151 2543 1238 2621; x_wconf 84' lang='lat' dir='ltr'><strong>juxta</strong></span> <span class='ocrx_word' id='word_1_184' title='bbox 1251 2543 1333 2623; x_wconf 92' lang='lat' dir='ltr'><strong>pium</strong></span> <span class='ocrx_word' id='word_1_185' title='bbox 1347 2562 1458 2605; x_wconf 90' lang='lat' dir='ltr'><strong>eornm</strong></span> 
     </span>
     <span class='ocr_line' id='line_1_23' title="bbox 309 2641 1458 2723; baseline -0.003 -16"><span class='ocrx_word' id='word_1_186' title='bbox 309 2644 511 2708; x_wconf 84' lang='lat' dir='ltr'><strong>institutuma</strong></span> <span class='ocrx_word' id='word_1_187' title='bbox 531 2647 640 2706; x_wconf 89' lang='lat' dir='ltr'><strong>Sancta</strong></span> <span class='ocrx_word' id='word_1_188' title='bbox 657 2643 733 2705; x_wconf 85' lang='lat' dir='ltr'><strong>Sede</strong></span> <span class='ocrx_word' id='word_1_189' title='bbox 756 2642 930 2722; x_wconf 71' lang='lat' dir='ltr'><strong>apostolica</strong></span> <span class='ocrx_word' id='word_1_190' title='bbox 948 2641 1170 2723; x_wconf 89' lang='lat' dir='ltr'><strong>approbatum,</strong></span> <span class='ocrx_word' id='word_1_191' title='bbox 1194 2642 1320 2703; x_wconf 88' lang='lat' dir='ltr'><strong>Domino</strong></span> <span class='ocrx_word' id='word_1_192' title='bbox 1342 2649 1373 2702; x_wconf 89' lang='lat' dir='ltr'><strong>et</strong></span> <span class='ocrx_word' id='word_1_193' title='bbox 1388 2644 1458 2721; x_wconf 84' lang='lat' dir='ltr'><strong>ejus</strong></span> 
     </span>
     <span class='ocr_line' id='line_1_24' title="bbox 307 2739 717 2821; baseline -0.01 -18"><span class='ocrx_word' id='word_1_194' title='bbox 307 2741 446 2804; x_wconf 78' lang='lat' dir='ltr'><strong>Ecclesia</strong></span> <span class='ocrx_word' id='word_1_195' title='bbox 459 2739 601 2803; x_wconf 87' lang='lat' dir='ltr'><strong>inservire</strong></span> <span class='ocrx_word' id='word_1_196' title='bbox 614 2739 717 2821; x_wconf 90' lang='lat' dir='ltr'><strong>possit.</strong></span> 
     </span>
    </p>

    <p class='ocr_par' dir='ltr' id='par_1_4' title="bbox 308 2833 1467 4490">
     <span class='ocr_line' id='line_1_25' title="bbox 349 2833 1459 2919; baseline -0.001 -20"><span class='ocrx_word' id='word_1_197' title='bbox 349 2850 397 2899; x_wconf 76' lang='lat'><strong>25.</strong></span> <span class='ocrx_word' id='word_1_198' title='bbox 416 2839 476 2899; x_wconf 84' lang='lat' dir='ltr'><strong>Tot</strong></span> <span class='ocrx_word' id='word_1_199' title='bbox 486 2837 602 2919; x_wconf 89' lang='lat' dir='ltr'><strong>itaque,</strong></span> <span class='ocrx_word' id='word_1_200' title='bbox 618 2834 913 2898; x_wconf 90' lang='lat' dir='ltr'><strong>actamnecessariis</strong></span> <span class='ocrx_word' id='word_1_201' title='bbox 922 2833 1065 2897; x_wconf 86' lang='lat' dir='ltr'><strong>adhibitis</strong></span> <span class='ocrx_word' id='word_1_202' title='bbox 1074 2833 1197 2912; x_wconf 91' lang='lat' dir='ltr'><strong>mediis,</strong></span> <span class='ocrx_word' id='word_1_203' title='bbox 1207 2834 1304 2896; x_wconf 88' lang='lat' dir='ltr'><strong>Divini</strong></span> <span class='ocrx_word' id='word_1_204' title='bbox 1315 2834 1459 2915; x_wconf 86' lang='lat' dir='ltr'><strong>Spiritus,</strong></span> 
     </span>
     <span class='ocr_line' id='line_1_26' title="bbox 308 2932 1463 3014; baseline 0.001 -17"><span class='ocrx_word' id='word_1_205' title='bbox 308 2943 343 2997; x_wconf 90' lang='lat' dir='ltr'><strong>ut</strong></span> <span class='ocrx_word' id='word_1_206' title='bbox 357 2935 554 3011; x_wconf 89' lang='lat' dir='ltr'><strong>confidimus,</strong></span> <span class='ocrx_word' id='word_1_207' title='bbox 578 2934 673 3013; x_wconf 86' lang='lat' dir='ltr'><strong>adjuti</strong></span> <span class='ocrx_word' id='word_1_208' title='bbox 693 2933 868 3014; x_wconf 86' lang='lat' dir='ltr'><strong>praesentia,</strong></span> <span class='ocrx_word' id='word_1_209' title='bbox 892 2940 922 2995; x_wconf 91' lang='lat' dir='ltr'><strong>et</strong></span> <span class='ocrx_word' id='word_1_210' title='bbox 938 2932 1057 3011; x_wconf 85' lang='lat' dir='ltr'><strong>afflatu,</strong></span> <span class='ocrx_word' id='word_1_211' title='bbox 1078 2951 1196 2997; x_wconf 92' lang='lat' dir='ltr'><strong>necnon</strong></span> <span class='ocrx_word' id='word_1_212' title='bbox 1210 2935 1343 2997; x_wconf 88' lang='lat' dir='ltr'><strong>muneris</strong></span> <span class='ocrx_word' id='word_1_213' title='bbox 1362 2938 1463 2999; x_wconf 87' lang='lat' dir='ltr'><strong>nostri</strong></span> 
     </span>
     <span class='ocr_line' id='line_1_27' title="bbox 308 3031 1461 3117; baseline 0.003 -23"><span class='ocrx_word' id='word_1_214' title='bbox 308 3033 459 3114; x_wconf 78' lang='lat' dir='ltr'><strong>compulsi</strong></span> <span class='ocrx_word' id='word_1_215' title='bbox 473 3032 668 3109; x_wconf 88' lang='lat' dir='ltr'><strong>necessitate,</strong></span> <span class='ocrx_word' id='word_1_216' title='bbox 692 3051 753 3113; x_wconf 90' lang='lat' dir='ltr'><strong>quo</strong></span> <span class='ocrx_word' id='word_1_217' title='bbox 769 3039 801 3094; x_wconf 88' lang='lat' dir='ltr'><strong>et</strong></span> <span class='ocrx_word' id='word_1_218' title='bbox 822 3031 862 3097; x_wconf 86' lang='lat' dir='ltr'><strong>ad</strong></span> <span class='ocrx_word' id='word_1_219' title='bbox 882 3031 1054 3094; x_wconf 77' lang='lat' dir='ltr'><strong>Christiane</strong></span> <span class='ocrx_word' id='word_1_220' title='bbox 1073 3033 1256 3115; x_wconf 73' lang='lat' dir='ltr'><strong>Reipublicae</strong></span> <span class='ocrx_word' id='word_1_221' title='bbox 1274 3034 1407 3117; x_wconf 87' lang='lat' dir='ltr'><strong>quietem</strong></span> <span class='ocrx_word' id='word_1_222' title='bbox 1427 3044 1461 3098; x_wconf 89' lang='lat' dir='ltr'><strong>et</strong></span> 
     </span>
     <span class='ocr_line' id='line_1_28' title="bbox 309 3129 1460 3212; baseline 0.005 -22"><span class='ocrx_word' id='word_1_223' title='bbox 309 3129 555 3210; x_wconf 87' lang='lat' dir='ltr'><strong>tranquillitatem</strong></span> <span class='ocrx_word' id='word_1_224' title='bbox 574 3129 811 3206; x_wconf 90' lang='lat' dir='ltr'><strong>conciliandam,</strong></span> <span class='ocrx_word' id='word_1_225' title='bbox 838 3129 1014 3208; x_wconf 81' lang='lat' dir='ltr'><strong>fovendam,</strong></span> <span class='ocrx_word' id='word_1_226' title='bbox 1038 3132 1260 3212; x_wconf 89' lang='lat' dir='ltr'><strong>roborandam,</strong></span> <span class='ocrx_word' id='word_1_227' title='bbox 1283 3140 1315 3195; x_wconf 94' lang='lat' dir='ltr'><strong>et</strong></span> <span class='ocrx_word' id='word_1_228' title='bbox 1339 3134 1377 3195; x_wconf 94' lang='lat' dir='ltr'><strong>ad</strong></span> <span class='ocrx_word' id='word_1_229' title='bbox 1407 3134 1460 3197; x_wconf 92' lang='lat' dir='ltr'><strong>illa</strong></span> 
     </span>
     <span class='ocr_line' id='line_1_29' title="bbox 309 3226 1459 3308; baseline 0.009 -21"><span class='ocrx_word' id='word_1_230' title='bbox 309 3227 412 3288; x_wconf 91' lang='lat' dir='ltr'><strong>omnia</strong></span> <span class='ocrx_word' id='word_1_231' title='bbox 428 3228 547 3308; x_wconf 88' lang='lat' dir='ltr'><strong>penitus</strong></span> <span class='ocrx_word' id='word_1_232' title='bbox 558 3226 707 3289; x_wconf 89' lang='lat' dir='ltr'><strong>demedio</strong></span> <span class='ocrx_word' id='word_1_233' title='bbox 722 3226 871 3305; x_wconf 92' lang='lat' dir='ltr'><strong>tollenda,</strong></span> <span class='ocrx_word' id='word_1_234' title='bbox 885 3247 952 3308; x_wconf 77' lang='lat' dir='ltr'><strong>quie</strong></span> <span class='ocrx_word' id='word_1_235' title='bbox 968 3229 1065 3291; x_wconf 89' lang='lat' dir='ltr'><strong>eidem</strong></span> <span class='ocrx_word' id='word_1_236' title='bbox 1077 3231 1259 3294; x_wconf 90' lang='lat' dir='ltr'><strong>detrimento</strong></span> <span class='ocrx_word' id='word_1_237' title='bbox 1269 3234 1316 3296; x_wconf 91' lang='lat' dir='ltr'><strong>vel</strong></span> <span class='ocrx_word' id='word_1_238' title='bbox 1329 3235 1459 3297; x_wconf 93' lang='lat' dir='ltr'><strong>minimo</strong></span> 
     </span>
     <span class='ocr_line' id='line_1_30' title="bbox 309 3325 1459 3413; baseline 0.006 -27"><span class='ocrx_word' id='word_1_239' title='bbox 309 3342 375 3386; x_wconf 85' lang='lat' dir='ltr'><strong>esse</strong></span> <span class='ocrx_word' id='word_1_240' title='bbox 395 3333 537 3405; x_wconf 88' lang='lat' dir='ltr'><strong>possunt,</strong></span> <span class='ocrx_word' id='word_1_241' title='bbox 557 3332 704 3405; x_wconf 91' lang='lat' dir='ltr'><strong>quantum</strong></span> <span class='ocrx_word' id='word_1_242' title='bbox 724 3325 801 3387; x_wconf 88' lang='lat' dir='ltr'><strong>vires</strong></span> <span class='ocrx_word' id='word_1_243' title='bbox 822 3325 939 3403; x_wconf 89' lang='lat' dir='ltr'><strong>sinunt,</strong></span> <span class='ocrx_word' id='word_1_244' title='bbox 962 3327 1126 3391; x_wconf 87' lang='lat' dir='ltr'><strong>arctissime</strong></span> <span class='ocrx_word' id='word_1_245' title='bbox 1140 3329 1290 3409; x_wconf 86' lang='lat' dir='ltr'><strong>adigimur</strong></span> <span class='ocrx_word' id='word_1_246' title='bbox 1296 3354 1305 3408; x_wconf 78' lang='lat'>3</span> <span class='ocrx_word' id='word_1_247' title='bbox 1326 3349 1459 3413; x_wconf 91' lang='lat' dir='ltr'><strong>cumque</strong></span> 
     </span>
     <span class='ocr_line' id='line_1_31' title="bbox 310 3422 1462 3503; baseline 0.003 -19"><span class='ocrx_word' id='word_1_248' title='bbox 310 3430 453 3503; x_wconf 82' lang='lat' dir='ltr'><strong>praterea</strong></span> <span class='ocrx_word' id='word_1_249' title='bbox 475 3422 781 3485; x_wconf 86' lang='lat' dir='ltr'><strong>animadverteremus</strong></span> <span class='ocrx_word' id='word_1_250' title='bbox 803 3423 978 3503; x_wconf 78' lang='lat' dir='ltr'><strong>praedictam</strong></span> <span class='ocrx_word' id='word_1_251' title='bbox 998 3423 1180 3487; x_wconf 87' lang='lat' dir='ltr'><strong>Societatem</strong></span> <span class='ocrx_word' id='word_1_252' title='bbox 1199 3427 1271 3487; x_wconf 85' lang='lat' dir='ltr'><strong>lesu</strong></span> <span class='ocrx_word' id='word_1_253' title='bbox 1290 3426 1462 3488; x_wconf 88' lang='lat' dir='ltr'><strong>uberrimos</strong></span> 
     </span>
     <span class='ocr_line' id='line_1_32' title="bbox 310 3519 1458 3603; baseline 0.002 -21"><span class='ocrx_word' id='word_1_254' title='bbox 310 3519 393 3592; x_wconf 86' lang='lat' dir='ltr'><strong>illos,</strong></span> <span class='ocrx_word' id='word_1_255' title='bbox 409 3519 668 3602; x_wconf 89' lang='lat' dir='ltr'><strong>amplissimosque</strong></span> <span class='ocrx_word' id='word_1_256' title='bbox 681 3521 813 3597; x_wconf 84' lang='lat' dir='ltr'><strong>fructus,</strong></span> <span class='ocrx_word' id='word_1_257' title='bbox 824 3526 856 3581; x_wconf 88' lang='lat' dir='ltr'><strong>et</strong></span> <span class='ocrx_word' id='word_1_258' title='bbox 865 3520 1006 3582; x_wconf 81' lang='lat' dir='ltr'><strong>utilitates</strong></span> <span class='ocrx_word' id='word_1_259' title='bbox 1020 3519 1128 3583; x_wconf 78' lang='lat' dir='ltr'><strong>afferre</strong></span> <span class='ocrx_word' id='word_1_260' title='bbox 1140 3523 1269 3603; x_wconf 88' lang='lat' dir='ltr'><strong>amplius</strong></span> <span class='ocrx_word' id='word_1_261' title='bbox 1278 3540 1338 3584; x_wconf 92' lang='lat' dir='ltr'><strong>non</strong></span> <span class='ocrx_word' id='word_1_262' title='bbox 1350 3536 1458 3603; x_wconf 82' lang='lat' dir='ltr'><strong>posse,</strong></span> 
     </span>
     <span class='ocr_line' id='line_1_33' title="bbox 310 3617 1460 3701; baseline 0.002 -20"><span class='ocrx_word' id='word_1_263' title='bbox 310 3619 349 3681; x_wconf 89' lang='lat' dir='ltr'><strong>ad</strong></span> <span class='ocrx_word' id='word_1_264' title='bbox 363 3638 440 3699; x_wconf 91' lang='lat' dir='ltr'><strong>quos</strong></span> <span class='ocrx_word' id='word_1_265' title='bbox 452 3619 589 3681; x_wconf 90' lang='lat' dir='ltr'><strong>instituta</strong></span> <span class='ocrx_word' id='word_1_266' title='bbox 609 3618 682 3695; x_wconf 90' lang='lat' dir='ltr'><strong>fuit,</strong></span> <span class='ocrx_word' id='word_1_267' title='bbox 704 3638 722 3680; x_wconf 92' lang='lat' dir='ltr'><strong>a</strong></span> <span class='ocrx_word' id='word_1_268' title='bbox 741 3625 787 3680; x_wconf 90' lang='lat' dir='ltr'><strong>tot</strong></span> <span class='ocrx_word' id='word_1_269' title='bbox 806 3617 1076 3680; x_wconf 82' lang='lat' dir='ltr'><strong>Pradecessoribus</strong></span> <span class='ocrx_word' id='word_1_270' title='bbox 1092 3619 1203 3680; x_wconf 84' lang='lat' dir='ltr'><strong>nostris</strong></span> <span class='ocrx_word' id='word_1_271' title='bbox 1215 3620 1398 3701; x_wconf 91' lang='lat' dir='ltr'><strong>approbata,</strong></span> <span class='ocrx_word' id='word_1_272' title='bbox 1420 3639 1460 3683; x_wconf 90' lang='lat' dir='ltr'><strong>ac</strong></span> 
     </span>
     <span class='ocr_line' id='line_1_34' title="bbox 309 3716 1460 3800; baseline 0.004 -23"><span class='ocrx_word' id='word_1_273' title='bbox 309 3716 446 3797; x_wconf 92' lang='lat' dir='ltr'><strong>plurimis</strong></span> <span class='ocrx_word' id='word_1_274' title='bbox 459 3723 566 3778; x_wconf 90' lang='lat' dir='ltr'><strong>ornata</strong></span> <span class='ocrx_word' id='word_1_275' title='bbox 580 3716 758 3797; x_wconf 90' lang='lat' dir='ltr'><strong>privilegiis,</strong></span> <span class='ocrx_word' id='word_1_276' title='bbox 774 3717 835 3778; x_wconf 92' lang='lat' dir='ltr'><strong>imo</strong></span> <span class='ocrx_word' id='word_1_277' title='bbox 850 3717 932 3794; x_wconf 81' lang='lat' dir='ltr'><strong>fieri,</strong></span> <span class='ocrx_word' id='word_1_278' title='bbox 945 3723 998 3779; x_wconf 89' lang='lat' dir='ltr'><strong>aut</strong></span> <span class='ocrx_word' id='word_1_279' title='bbox 1008 3718 1077 3795; x_wconf 82' lang='lat' dir='ltr'><strong>vix,</strong></span> <span class='ocrx_word' id='word_1_280' title='bbox 1091 3725 1144 3780; x_wconf 90' lang='lat' dir='ltr'><strong>aut</strong></span> <span class='ocrx_word' id='word_1_281' title='bbox 1155 3720 1237 3781; x_wconf 91' lang='lat' dir='ltr'><strong>nullo</strong></span> <span class='ocrx_word' id='word_1_282' title='bbox 1247 3719 1338 3782; x_wconf 91' lang='lat' dir='ltr'><strong>modo</strong></span> <span class='ocrx_word' id='word_1_283' title='bbox 1348 3737 1460 3800; x_wconf 90' lang='lat' dir='ltr'><strong>posse,</strong></span> 
     </span>
     <span class='ocr_line' id='line_1_35' title="bbox 311 3814 1459 3896; baseline 0.002 -19"><span class='ocrx_word' id='word_1_284' title='bbox 311 3822 345 3877; x_wconf 92' lang='lat' dir='ltr'><strong>ut</strong></span> <span class='ocrx_word' id='word_1_285' title='bbox 357 3833 394 3876; x_wconf 85' lang='lat' dir='ltr'><strong>ea</strong></span> <span class='ocrx_word' id='word_1_286' title='bbox 414 3815 557 3876; x_wconf 91' lang='lat' dir='ltr'><strong>incolumi</strong></span> <span class='ocrx_word' id='word_1_287' title='bbox 572 3823 712 3876; x_wconf 84' lang='lat' dir='ltr'><strong>manento</strong></span> <span class='ocrx_word' id='word_1_288' title='bbox 724 3832 794 3876; x_wconf 87' lang='lat' dir='ltr'><strong>vera</strong></span> <span class='ocrx_word' id='word_1_289' title='bbox 807 3834 886 3895; x_wconf 86' lang='lat' dir='ltr'><strong>pax,</strong></span> <span class='ocrx_word' id='word_1_290' title='bbox 902 3833 937 3876; x_wconf 91' lang='lat' dir='ltr'><strong>ac</strong></span> <span class='ocrx_word' id='word_1_291' title='bbox 950 3814 1093 3877; x_wconf 88' lang='lat' dir='ltr'><strong>diuturna</strong></span> <span class='ocrx_word' id='word_1_292' title='bbox 1108 3818 1248 3880; x_wconf 76' lang='lat' dir='ltr'><strong>Ecclesiae</strong></span> <span class='ocrx_word' id='word_1_293' title='bbox 1264 3816 1459 3896; x_wconf 84' lang='lat' dir='ltr'><strong>restituatur3</strong></span> 
     </span>
     <span class='ocr_line' id='line_1_36' title="bbox 311 3912 1461 3995; baseline 0.005 -23"><span class='ocrx_word' id='word_1_294' title='bbox 311 3912 358 3974; x_wconf 88' lang='lat' dir='ltr'><strong>bis</strong></span> <span class='ocrx_word' id='word_1_295' title='bbox 371 3918 529 3994; x_wconf 90' lang='lat' dir='ltr'><strong>propterea</strong></span> <span class='ocrx_word' id='word_1_296' title='bbox 548 3913 728 3991; x_wconf 88' lang='lat' dir='ltr'><strong>gravissimis</strong></span> <span class='ocrx_word' id='word_1_297' title='bbox 742 3913 863 3975; x_wconf 89' lang='lat' dir='ltr'><strong>adducti</strong></span> <span class='ocrx_word' id='word_1_298' title='bbox 877 3913 992 3991; x_wconf 67' lang='lat' dir='ltr'><strong>cauus,</strong></span> <span class='ocrx_word' id='word_1_299' title='bbox 1013 3914 1138 3995; x_wconf 88' lang='lat' dir='ltr'><strong>aliisquo</strong></span> <span class='ocrx_word' id='word_1_300' title='bbox 1158 3916 1255 3995; x_wconf 91' lang='lat' dir='ltr'><strong>pressi</strong></span> <span class='ocrx_word' id='word_1_301' title='bbox 1271 3915 1461 3993; x_wconf 90' lang='lat' dir='ltr'><strong>rationibus,</strong></span> 
     </span>
     <span class='ocr_line' id='line_1_37' title="bbox 311 4009 1466 4092; baseline 0.003 -20"><span class='ocrx_word' id='word_1_302' title='bbox 311 4028 388 4091; x_wconf 93' lang='lat' dir='ltr'><strong>quas</strong></span> <span class='ocrx_word' id='word_1_303' title='bbox 402 4017 433 4072; x_wconf 90' lang='lat' dir='ltr'><strong>et</strong></span> <span class='ocrx_word' id='word_1_304' title='bbox 451 4009 616 4091; x_wconf 77' lang='lat' dir='ltr'><strong>prudentie</strong></span> <span class='ocrx_word' id='word_1_305' title='bbox 636 4010 733 4089; x_wconf 81' lang='lat' dir='ltr'><strong>leges,</strong></span> <span class='ocrx_word' id='word_1_306' title='bbox 755 4018 786 4072; x_wconf 89' lang='lat' dir='ltr'><strong>et</strong></span> <span class='ocrx_word' id='word_1_307' title='bbox 805 4012 954 4092; x_wconf 91' lang='lat' dir='ltr'><strong>optimum</strong></span> <span class='ocrx_word' id='word_1_308' title='bbox 970 4012 1150 4075; x_wconf 90' lang='lat' dir='ltr'><strong>Universalis</strong></span> <span class='ocrx_word' id='word_1_309' title='bbox 1166 4012 1311 4079; x_wconf 75' lang='lat' dir='ltr'><strong>Ecclesiae,</strong></span> <span class='ocrx_word' id='word_1_310' title='bbox 1324 4013 1466 4092; x_wconf 85' lang='lat' dir='ltr'><strong>regimen</strong></span> 
     </span>
     <span class='ocr_line' id='line_1_38' title="bbox 311 4107 1463 4192; baseline 0.006 -24"><span class='ocrx_word' id='word_1_311' title='bbox 311 4109 403 4171; x_wconf 89' lang='lat' dir='ltr'><strong>Nobis</strong></span> <span class='ocrx_word' id='word_1_312' title='bbox 414 4107 622 4190; x_wconf 87' lang='lat' dir='ltr'><strong>suppeditant,</strong></span> <span class='ocrx_word' id='word_1_313' title='bbox 637 4109 756 4188; x_wconf 84' lang='lat' dir='ltr'><strong>altaque</strong></span> <span class='ocrx_word' id='word_1_314' title='bbox 770 4122 871 4171; x_wconf 91' lang='lat' dir='ltr'><strong>mente</strong></span> <span class='ocrx_word' id='word_1_315' title='bbox 884 4112 1030 4191; x_wconf 91' lang='lat' dir='ltr'><strong>repositas</strong></span> <span class='ocrx_word' id='word_1_316' title='bbox 1044 4130 1214 4190; x_wconf 81' lang='lat' dir='ltr'><strong>servamus,</strong></span> <span class='ocrx_word' id='word_1_317' title='bbox 1228 4111 1360 4192; x_wconf 87' lang='lat' dir='ltr'><strong>vestigiis</strong></span> <span class='ocrx_word' id='word_1_318' title='bbox 1369 4111 1463 4175; x_wconf 67' lang='lat' dir='ltr'><strong>inho&gt;</strong></span> 
     </span>
     <span class='ocr_line' id='line_1_39' title="bbox 312 4206 1462 4289; baseline 0.001 -19"><span class='ocrx_word' id='word_1_319' title='bbox 312 4217 411 4270; x_wconf 88' lang='lat' dir='ltr'><strong>rentes</strong></span> <span class='ocrx_word' id='word_1_320' title='bbox 421 4207 597 4270; x_wconf 89' lang='lat' dir='ltr'><strong>eorumdem</strong></span> <span class='ocrx_word' id='word_1_321' title='bbox 612 4206 867 4269; x_wconf 73' lang='lat' dir='ltr'><strong>predecessorum</strong></span> <span class='ocrx_word' id='word_1_322' title='bbox 879 4213 1066 4286; x_wconf 88' lang='lat' dir='ltr'><strong>nostrorum,</strong></span> <span class='ocrx_word' id='word_1_323' title='bbox 1078 4215 1108 4269; x_wconf 91' lang='lat' dir='ltr'><strong>et</strong></span> <span class='ocrx_word' id='word_1_324' title='bbox 1119 4209 1284 4289; x_wconf 79' lang='lat' dir='ltr'><strong>praesertim</strong></span> <span class='ocrx_word' id='word_1_325' title='bbox 1297 4211 1462 4271; x_wconf 89' lang='lat' dir='ltr'><strong>memorati</strong></span> 
     </span>
     <span class='ocr_line' id='line_1_40' title="bbox 309 4303 1467 4392; baseline 0.008 -26"><span class='ocrx_word' id='word_1_326' title='bbox 309 4307 442 4385; x_wconf 88' lang='lat' dir='ltr'><strong>Gregorii</strong></span> <span class='ocrx_word' id='word_1_327' title='bbox 453 4311 490 4370; x_wconf 87' lang='lat' dir='ltr'><strong>X.</strong></span> <span class='ocrx_word' id='word_1_328' title='bbox 506 4309 683 4373; x_wconf 81' lang='lat' dir='ltr'><strong>Pradecess.</strong></span> <span class='ocrx_word' id='word_1_329' title='bbox 696 4310 791 4373; x_wconf 90' lang='lat' dir='ltr'><strong>nostri</strong></span> <span class='ocrx_word' id='word_1_330' title='bbox 803 4303 979 4391; x_wconf 85' lang='lat' dir='ltr'><strong>ingenerali</strong></span> <span class='ocrx_word' id='word_1_331' title='bbox 989 4312 1121 4373; x_wconf 86' lang='lat' dir='ltr'><strong>Concilio</strong></span> <span class='ocrx_word' id='word_1_332' title='bbox 1136 4312 1337 4392; x_wconf 83' lang='lat' dir='ltr'><strong>Lugdunensi,</strong></span> <span class='ocrx_word' id='word_1_333' title='bbox 1348 4329 1422 4374; x_wconf 92' lang='lat' dir='ltr'><strong>cum</strong></span> <span class='ocrx_word' id='word_1_334' title='bbox 1433 4321 1467 4375; x_wconf 88' lang='lat' dir='ltr'><strong>et</strong></span> 
     </span>
     <span class='ocr_line' id='line_1_41' title="bbox 312 4404 1465 4490; baseline 0.006 -26"><span class='ocrx_word' id='word_1_335' title='bbox 312 4422 394 4465; x_wconf 87' lang='lat' dir='ltr'><strong>nunc</strong></span> <span class='ocrx_word' id='word_1_336' title='bbox 407 4404 445 4466; x_wconf 90' lang='lat' dir='ltr'><strong>de</strong></span> <span class='ocrx_word' id='word_1_337' title='bbox 459 4407 608 4470; x_wconf 87' lang='lat' dir='ltr'><strong>Societate</strong></span> <span class='ocrx_word' id='word_1_338' title='bbox 625 4417 741 4488; x_wconf 75' lang='lat' dir='ltr'><strong>agatur,</strong></span> <span class='ocrx_word' id='word_1_339' title='bbox 758 4416 822 4470; x_wconf 88' lang='lat' dir='ltr'><strong>tum</strong></span> <span class='ocrx_word' id='word_1_340' title='bbox 839 4409 968 4471; x_wconf 90' lang='lat' dir='ltr'><strong>lnstituti</strong></span> <span class='ocrx_word' id='word_1_341' title='bbox 980 4409 1043 4484; x_wconf 91' lang='lat' dir='ltr'><strong>sui,</strong></span> <span class='ocrx_word' id='word_1_342' title='bbox 1060 4416 1126 4470; x_wconf 92' lang='lat' dir='ltr'><strong>tum</strong></span> <span class='ocrx_word' id='word_1_343' title='bbox 1136 4410 1358 4490; x_wconf 87' lang='lat' dir='ltr'><strong>privilegiorum</strong></span> <span class='ocrx_word' id='word_1_344' title='bbox 1368 4410 1465 4471; x_wconf 85' lang='lat' dir='ltr'><strong>etiam</strong></span> 
     </span>
    </p>
   </div>
   <div class='ocr_carea' id='block_1_3' title="bbox 304 4504 1467 4591">
    <p class='ocr_par' dir='ltr' id='par_1_5' title="bbox 304 4504 1467 4591">
     <span class='ocr_line' id='line_1_42' title="bbox 304 4504 1467 4591; baseline 0.007 -29"><span class='ocrx_word' id='word_1_345' title='bbox 304 4521 439 4591; x_wconf 51' lang='lat' dir='ltr'><strong>¹snorum</strong></span> <span class='ocrx_word' id='word_1_346' title='bbox 453 4504 584 4581; x_wconf 85' lang='lat' dir='ltr'><strong>ratione,</strong></span> <span class='ocrx_word' id='word_1_347' title='bbox 602 4507 835 4567; x_wconf 84' lang='lat' dir='ltr'><strong>blomlicantinnr</strong></span> <span class='ocrx_word' id='word_1_348' title='bbox 854 4507 997 4571; x_wconf 70' lang='lat' dir='ltr'><strong>,tudinum</strong></span> <span class='ocrx_word' id='word_1_349' title='bbox 1022 4525 1148 4569; x_wconf 80' lang='lat' dir='ltr'><strong>numero</strong></span> <span class='ocrx_word' id='word_1_350' title='bbox 1170 4507 1319 4589; x_wconf 80' lang='lat' dir='ltr'><strong>ascripta,</strong></span> <span class='ocrx_word' id='word_1_351' title='bbox 1341 4513 1467 4570; x_wconf 83' lang='lat' dir='ltr'><strong>maturo</strong></span> 
     </span>
    </p>
   </div>
   <div class='ocr_carea' id='block_1_4' title="bbox 0 0 1611 5354">
    <p class='ocr_par' dir='ltr' id='par_1_6' title="bbox 0 0 1611 5354">
     <span class='ocr_line' id='line_1_43' title="bbox 0 0 1611 5354; baseline 0 0"><span class='ocrx_word' id='word_1_352' title='bbox 0 0 1611 5354; x_wconf 95' lang='lat' dir='ltr'><strong> </strong></span> 
     </span>
    </p>
   </div>
  </div>
 </body>
</html>
