3194 5354
243 396 292 481 ua
669 427 872 481 cratianus
891 428 956 482 rur

237 540 268 591 tc
286 529 531 607 transmittimus,
552 536 583 590 ut
597 548 667 591 cum
688 549 755 592 eam
773 532 900 611 gratiam
915 533 1019 613 patriae
1038 541 1097 597 tuae
1118 535 1264 618 impertiti
1277 539 1388 617 dmm,

236 629 333 689 multo
351 628 491 689 libentius
511 633 564 689 tua
583 645 673 689 causa
687 626 802 689 iactum
816 627 847 689 id
867 628 993 690 aNobis
1012 648 1077 692 esso
1097 631 1257 713 intelligas.
1276 636 1312 696 in
1325 654 1387 717 quo

236 743 307 786 cum
322 725 426 806 pietati
444 732 504 787 tuae
521 731 588 786 tum
605 725 697 786 etiam
717 731 822 786 nostro
844 743 915 806 erga
935 734 965 788 te
987 726 1086 791 studio
1107 729 1243 793 obsecuti
1262 750 1386 811 summ,

233 822 322 901 cujus
333 840 451 902 semper
463 820 627 899 majoribus
636 819 797 901 pontificiae
809 821 942 883 caritatis
956 821 1074 886 iudiciis
1086 824 1258 890 declarandi
1273 848 1386 912 oppor-

234 922 394 981 tunitatem
407 936 559 999 quamque
572 917 764 999 cupidissime
779 926 999 981 consectamur.
1021 919 1055 982 ld
1071 921 1152 984 enim
1170 930 1281 1005 praeter
1301 945 1386 1008 prae-

233 1017 366 1093 clarum,
385 1036 446 1098 quo
465 1015 545 1097 apud
567 1015 760 1078 Carissimum
782 1017 812 1078 in
832 1017 950 1080 Christo
966 1017 1062 1080 illium
1081 1029 1220 1086 nosbum
1237 1026 1383 1090 Carnium

233 1118 445 1199 Hispaniarum
455 1120 566 1198 Regem
573 1117 762 1180 Cotboiicum
769 1117 901 1199 iungeris
912 1127 1100 1196 munus,tua
1109 1139 1180 1201 erga
1187 1124 1249 1186 Nos
1259 1127 1382 1207 avegio

232 1215 423 1277 observantia
437 1222 652 1297 perspectaque
662 1215 700 1279 de
711 1217 887 1297 Apostolica
898 1216 973 1278 Sede
986 1218 1095 1281 merita
1108 1219 1241 1283 maxime
1255 1239 1275 1284 a
1287 1223 1382 1287 Nobis

232 1312 396 1393 postulant.
419 1313 518 1392 dique
534 1312 593 1373 iroc
616 1313 683 1373 loco
703 1313 856 1393 praeterire
878 1313 1001 1376 minime
1019 1333 1202 1395 possumus,
1217 1318 1292 1399 quin
1307 1320 1380 1398 tibi,

231 1409 312 1490 quod
335 1408 537 1490 gratissimum
551 1407 616 1471 iore
630 1410 703 1470 certi
718 1428 839 1486 sumus,
861 1410 1078 1490 significemus,
1098 1430 1224 1477 causant
1245 1417 1382 1482 Venera-

232 1506 300 1568 bilis
311 1507 393 1568 Servi
409 1507 460 1569 liei
473 1507 599 1570 ioannis
610 1506 648 1569 de
663 1508 784 1570 Paialox
801 1509 843 1571 ita
859 1528 938 1571 nunc
954 1511 1059 1573 instrui
1074 1529 1111 1573 ac
1126 1512 1246 1592 parari,
1262 1521 1296 1577 ut
1308 1534 1380 1580 eum

230 1603 319 1684 plane
339 1602 474 1682 ejusdem
486 1603 615 1680 exitum,
629 1621 720 1684 quem
739 1605 870 1667 maxime
883 1607 1038 1687 cupimus,
1060 1607 1196 1670 intumm
1216 1627 1281 1674 oese
1293 1613 1380 1677 vaide

229 1700 427 1762 confidamus.
443 1701 508 1762 Hoc
521 1699 613 1762 etiam
632 1700 711 1762 habe
725 1700 755 1762 in
769 1710 878 1764 nostras
891 1720 961 1783 erga
976 1712 1005 1764 te
1020 1705 1263 1769 luculentissima
1275 1710 1380 1773 volun·

230 1798 300 1860 tatis
312 1797 436 1879 pignus,
447 1796 529 1879 quod
543 1796 642 1859 adhuc
654 1798 845 1860 cumulamus
857 1799 952 1879 magis
963 1801 1137 1880 Apostolica
1149 1803 1374 1881 Benedictione,

228 1915 321 1977 quam
336 1894 525 1961 Fraarnitati
543 1902 603 1957 tuae
621 1902 811 1976 peramanter
828 1897 1027 1976 impertimur.
1044 1900 1153 1960 Dmum
1168 1900 1283 1977 Bonan,
1302 1910 1376 1979 etc,
1473 1902 1477 1908 ’

228 1998 278 2057 dte
298 2006 332 2056 15
344 1993 510 2055 novembris
531 2004 616 2070 1⁷70,
630 1995 821 2071 pontificatus
835 1997 932 2052 nostri
950 2012 1029 2055 occo
1040 1996 1180 2056 secando.

708 2115 891 2125 n——u——-

754 2220 851 2290 CXV.

470 2375 647 2418 cantastra
671 2376 704 2417 ill
728 2375 862 2418 cunisuo
886 2375 979 2418 riam
1002 2376 1129 2420 cosm

273 2483 407 2541 MluiAE
426 2482 630 2542 TuuausiAE
652 2482 867 2544 HUNGARIAE
887 2483 1040 2544 REGINAE
1061 2483 1327 2559 APOSTOLIOE,

492 2597 617 2645 caenon
633 2597 786 2645 nouauna
802 2597 928 2644 aroma
944 2597 1103 2657 inausum,

406 2703 439 2750 lli
456 2702 655 2750 aomanorum
672 2703 906 2750 turmaruicuu
922 2702 1051 2751 ubuum
1067 2702 1188 2762 VIDUAE,

533 2805 767 2886 CLEMENS
794 2807 922 2884 PAPA
950 2807 1056 2885 XiV.

935 2958 1028 3018 liemon,
1043 2961 1070 3008 ii
1086 2952 1224 3006 novembris
1238 2958 1306 3009 177⁰.

263 3063 440 3142 Canusina,
461 3072 531 3142 etc,
552 3064 614 3126 Etsi
636 3062 884 3144 ingravissimam
896 3061 1144 3126 deliberationem
1157 3061 1272 3126 inducti
1286 3081 1370 3128 eme·

221 3180 290 3223 mus
303 3161 454 3242 postulato
467 3161 647 3242 Apostoliooe
664 3159 829 3239 iiiajestatis
844 3162 916 3222 Tuae
930 3159 968 3221 de
981 3159 1203 3223 Muniacsiensi
1222 3160 1368 3224 vicariatu

222 3261 252 3321 in
266 3260 473 3340 episcopatum
494 3258 652 3340 erigendo,
672 3277 857 3338 magnasque
875 3256 1033 3320 dubitandi
1047 3276 1155 3320 causas
1168 3256 1365 3335 habeamus,

208 2840 225 2865 'ta

264 2946 272 2961 x

124 3355 133 3370 ’
219 3376 297 3439 quas
309 3357 416 3418 litteris
430 3356 479 3418 die
493 3369 528 3418 tu
542 3355 674 3419 octobris
697 3356 736 3417 ad
749 3362 778 3417 te
798 3354 876 3417 datis
901 3353 1072 3432 attulimus,
1094 3360 1196 3416 tamen
1215 3352 1287 3436 quid
1298 3352 1368 3436 ipsa

221 3461 375 3537 postremo
395 3470 520 3516 sensura
541 3471 597 3534 pro
611 3458 664 3514 tua
677 3451 824 3534 sapientia
846 3470 882 3513 ac
900 3452 1042 3534 religione
1055 3469 1152 3529 esses,
1174 3450 1367 3534 cupidissime

219 3556 281 3616 Nos
287 3558 497 3634 expectaturus
506 3569 572 3613 csse
582 3550 687 3613 iisdem
696 3551 802 3613 litteris
811 3549 1049 3614 declarabamus.
1060 3552 1136 3613 Cum
1146 3551 1249 3632 itaque
1259 3540 1367 3613 isthinc

219 3653 362 3715 certiores
382 3668 464 3713 nunc
483 3647 554 3712 lacti
572 3649 666 3712 simus
684 3648 722 3711 de
741 3667 802 3712 non
823 3650 993 3713 intermisso
1013 3648 1163 3731 eiusmodi
1176 3648 1277 3712 studio
1295 3655 1365 3727 tuo,

218 3749 301 3831 quod
315 3756 373 3810 ate
386 3748 508 3811 retineri
522 3748 586 3810 sine
600 3748 732 3810 maxima
743 3749 859 3812 ratione
877 3767 937 3812 non
949 3748 1066 3831 potuit,
1081 3766 1174 3830 quam
1190 3747 1314 3829 quidem
1327 3749 1367 3810 ab

219 3845 386 3909 imminenti
405 3863 506 3907 rerum
519 3865 537 3907 a
551 3853 579 3908 te
591 3853 749 3928 perspecto
762 3846 912 3928 periculo,
927 3855 958 3909 et
975 3848 1014 3909 ab
1029 3846 1095 3928 ipso
1111 3845 1231 3909 unionis
1242 3847 1366 3909 Graeoo-

218 3962 286 4007 rum
307 3960 377 4004 cum
399 3942 552 4003 Catholica
571 3945 707 4005 Romana
728 3945 861 4006 Ecclesia
882 3944 1045 4008 retinendis
1067 3930 1248 4007 necessitate
1270 3943 1365 4025 repeti

217 4041 385 4124 precipue,
405 4056 441 4100 ac
454 4038 560 4100 deduci
575 4041 738 4117 iutuemur.
754 4042 856 4103 statim
870 4060 993 4104 omnem
1004 4041 1223 4104 dubitationem
1242 4039 1367 4103 abrum-

217 4159 305 4219 pere,
318 4138 432 4219 tibique
447 4138 571 4218 obsequi
585 4138 781 4201 decrevimus.
795 4139 874 4201 Vicit
886 4139 974 4220 igitur
988 4138 1017 4200 iu
1032 4138 1125 4201 Nobis
1139 4135 1291 4218 sapientiae
1304 4144 1367 4200 tua

218 4254 254 4296 ac
267 4235 414 4316 religionis
438 4234 633 4312 existimatio,
650 4242 740 4314 atque
757 4236 798 4297 ita
818 4235 903 4313 vicit,
925 4243 958 4297 ut
978 4235 1136 4316 praeterita
1157 4230 1279 4314 quidem
1303 4240 1366 4298 tuoe

217 4333 403 4412 experientia
418 4333 554 4414 optimae,
574 4341 607 4395 ut
620 4333 742 4409 scribis,
757 4352 857 4394 rerum
878 4332 1026 4412 magistra
1045 4330 1219 4407 innitamur,
1236 4328 1290 4393 sed
1304 4349 1365 4412 po-

218 4428 362 4491 tissimam
370 4435 469 4491 tamen
480 4449 628 4511 ponamus
638 4449 721 4510 spem
732 4431 760 4492 in
773 4429 922 4508 vigilantia
933 4448 967 4490 ac
978 4427 1176 4490 sollicitudine
1186 4445 1204 4488 a
1215 4433 1245 4489 ic
1256 4426 1363 4490 exinde
