3194 5354
403 491 585 548 EPISTOLAE
602 493 646 546 ET
664 492 799 547 alluvie
816 493 1051 549 sunsscrlolll.
1248 501 1299 550 263

149 600 275 692 tionem
302 596 505 658 amantissime
526 596 727 676 impertimur.
761 599 879 660 Delam
905 599 1023 669 Romu,
1053 602 1135 678 opud
1156 602 1299 663 &mlum

154 698 286 754 Mariam
293 694 512 771 llajoreat,aad
524 695 648 755 Amic
660 695 841 771 Piscatoris,
850 696 902 756 dic
916 708 949 756 ll
960 701 1081 773 aquati
1096 708 1169 758 atta
1181 742 1190 774 ,
1198 703 1299 776 pontt-

145 796 262 868 ficatio
275 796 370 854 matri
378 811 458 854 arma
473 796 589 871 quinta.

612 903 818 915 —n-——n

634 1003 808 1073 CCXXXl.

525 1153 658 1196 niuacio
688 1153 777 1196 mlo
808 1152 929 1195 noaino

533 1236 707 1303 ANTONIO
727 1236 917 1313 adesum,

358 1351 383 1395 s.
402 1349 431 1396 n.
449 1345 476 1396 r.
495 1348 695 1397 rrussrrmo
709 1348 878 1397 assumam
893 1348 1089 1408 moneamur,

457 1431 693 1513 cLultlmis
718 1432 847 1512 ΡΑΡΑ
875 1428 982 1511 XIV.

840 1585 942 1643 noma,
954 1583 996 1633 ne
1012 1588 1040 1633 le
1053 1586 1149 1646 auena
1163 1590 1230 1637 assa.

190 1681 322 1750 Dilecto,
338 1688 395 1743 etc.
410 1681 487 1742 Cum
494 1680 542 1742 his
555 1681 667 1742 nonnis
677 1680 715 1742 ad
726 1686 756 1742 te
774 1681 883 1742 litteris
894 1681 1105 1761 wnjanginrus
1115 1683 1205 1762 airas,
1217 1701 1293 1766 quas

129 1816 131 1820 -
149 1776 186 1837 ad
200 1777 388 1840 carissi-aru
401 1779 432 1839 in
443 1778 561 1840 tillieto
572 1778 665 1840 liliam
678 1785 814 1841 nostram
827 1779 956 1841 Mariam
972 1779 1147 1842 Tlreresiam
1155 1827 1164 1859 ‚
1179 1784 1293 1845 Roma-

148 1890 257 1935 norum
271 1874 496 1954 imperatricem
508 1875 637 1936 electam
653 1875 777 1953 damus,
792 1893 927 1956 quasque
944 1873 1024 1955 illius
1037 1878 1187 1956 Maiestati
1200 1879 1256 1940 abs
1264 1886 1293 1942 te

148 1968 232 2030 reddi
244 1972 386 2050 cupimus
395 1984 456 2031 una
466 1987 537 2031 cnm
547 1971 650 2032 tabula
663 1971 781 2034 musivo
791 1990 883 2052 opere
892 1971 1040 2053 perlecta,
1053 1990 1145 2052 quam
1157 1973 1200 2034 illi
1212 1973 1293 2036 douo

147 2065 306 2127 mittimus.
320 2067 364 2125 Ex
378 2064 546 2127 litterarum
565 2059 730 2130 eanmdem
742 2070 899 2150 exmrplo,
911 2067 993 2150 quaed
1010 2083 1070 2129 lma
1084 2068 1291 2148 adjungimus,

147 2159 312 2239 intelliges,
328 2176 421 2241 quam
435 2162 578 2224 luculenti
591 2163 654 2225 sint
666 2159 783 2245 paterni
801 2164 896 2226 nostri
918 2165 1009 2226 animi
1021 2181 1092 2244 erpa
1105 2164 1292 2242 Maiestatem

116 2256 123 2278 ⁸
147 2263 241 2321 Suam
255 2267 286 2322 et
300 2262 466 2340 Augustam
478 2261 557 2323 illius
569 2265 699 2324 Domum
712 2265 954 2325 sememonten
967 2261 1091 2323 commu
1105 2261 1290 2339 inmutare,

144 2375 181 2419 ac
203 2355 310 2418 litteris
330 2363 434 2419 nostro
455 2358 577 2420 nornine
600 2359 758 2421 reddendis
774 2374 867 2440 opera
890 2365 944 2419 tua
963 2357 1176 2420 luculentiores
1198 2359 1292 2421 eliam

146 2454 368 2535 amplioresque
388 2453 454 2517 deri
474 2456 626 2534 volemum,
641 2463 733 2537 atqire
752 2456 895 2518 omnibus
906 2452 1014 2518 otieris
1027 2455 1085 2517 aba
1102 2462 1132 2516 te
1144 2455 1292 2516 declamri

143 2555 300 2618 mirificam
312 2574 348 2618 ae
362 2571 513 2618 mmmam
527 2562 662 2617 nostram
673 2555 832 2617 caritatem
842 2570 915 2634 erga
922 2553 1005 2616 illam
1014 2598 1025 2632 ,
1035 2554 1163 2634 masque
1173 2570 1209 2615 ac
1222 2570 1291 2616 nos

144 2655 307 2716 tramitem
322 2654 510 2716 carissirnnm
523 2654 554 2715 in
566 2653 684 2717 Christo
701 2653 798 2715 lilium
811 2652 1206 2736 iosephumlmperatorem
1215 2651 1291 2712 elee-
1405 2678 1408 2683 ·

105 2797 110 2808 .
143 2739 224 2828 tum,
239 2769 275 2813 aa
287 2759 411 2814 celeres
424 2768 529 2813 omnes
541 2751 782 2832 praedurissima
795 2750 875 2812 illius
888 2750 1012 2812 Liberos
1024 2754 1221 2829 nostramque
1232 2766 1291 2829 pa-

143 2847 202 2908 lam
221 2847 286 2907 fieri
300 2847 443 2908 fiduciam
455 2866 491 2908 ac
504 2846 687 2909 desiderium
698 2847 796 2908 mutui
814 2846 980 2924 Maiestatis
993 2863 1055 2907 sue
1069 2852 1159 2924 atque
1169 2845 1289 2905 illorum

107 2966 111 2974 ¹
141 2961 212 3020 erga
229 2944 291 3004 Nos
311 2941 456 3002 retinendi
471 2941 579 3019 studii,
602 2960 640 3002 ac
657 2942 821 3002 Austriaeae
834 2942 947 3002 Domus
960 2940 1064 3020 pietati
1081 2939 1286 3001 consentanei.

142 3044 211 3102 llaec
226 3047 256 3102 te
270 3059 325 3120 pro
343 3046 396 3101 tua
409 3039 551 3119 singulari
566 3036 726 3120 prudentia
738 3055 774 3099 ac
786 3036 962 3112 sedulitate,
974 3053 1066 3115 quam
1081 3036 1113 3096 in
1128 3043 1157 3096 te
1171 3052 1288 3114 semper

141 3138 256 3219 experti
271 3155 392 3231 sumus,
405 3136 522 3217 egregie
535 3154 572 3198 ex
585 3141 688 3197 amira
701 3135 855 3196 voluntate
872 3142 1066 3215 peracnnum
1083 3153 1144 3196 non
1164 3134 1289 3198 dubita-

142 3253 225 3312 mus,
245 3249 360 3314 nosque
374 3233 532 3313 diligenter
543 3233 581 3295 de
595 3231 735 3294 omnibus
748 3233 895 3298 certiores
905 3232 1067 3295 lautianm.
1083 3234 1128 3295 nc
1142 3232 1174 3295 in
1185 3234 1288 3313 ponti-

142 3330 215 3390 liciae
228 3329 439 3392 benevolentis
449 3329 560 3411 pignus
576 3326 773 3410 apostolicam
784 3327 1025 3391 benedictionem
1033 3327 1099 3406 tibi,
1114 3327 1221 3390 dilecte
1232 3329 1285 3403 lili,

142 3435 242 3488 noster
252 3434 442 3507 peramanter
453 3426 653 3507 impertimur.
667 3427 781 3488 Datum
796 3427 897 3489 nome
908 3428 989 3507 apud
1002 3429 1144 3491 Sanctam
1156 3431 1287 3490 Mariam

142 3525 297 3600 Majorem,
319 3523 373 3584 sao
395 3524 517 3585 Martio
535 3525 717 3593 Piscatoris„
738 3523 788 3583 dic
802 3535 838 3584 lt
852 3529 974 3602 aequati
990 3536 1080 3601 1773,
1099 3529 1287 3604 pontificatus

141 3627 237 3684 eom
245 3637 328 3683 case
338 3626 457 3702 quinto.

618 3827 806 3898 ccxxxll.

203 4007 206 4016 .
399 3978 566 4020 caatssauo
592 3975 626 4018 ru
648 3974 787 4018 cuursro
805 3974 891 4017 rislo
914 3952 1038 4018 nosruo

317 4064 467 4127 eladio
488 4061 756 4127 ulsPleanM
776 4059 868 4125 REGI
889 4056 1108 4125 elmoaldo

447 4172 683 4252 CLEMENS
706 4173 837 4249 ΡΑΡΑ
865 4171 970 4247 XIV.
998 4188 999 4191 ’

886 4306 986 4362 Rama,
997 4309 1026 4350 28
1041 4300 1139 4360 augusti
1155 4303 1223 4350 177³.

184 4403 358 4475 certatione,
377 4373 434 4461 etc.
455 4402 502 4462 tul
516 4403 640 4482 Reginn
649 4404 836 4480 Maiestatem
851 4401 947 4459 Tuam
962 4397 1107 4458 mittirmm
1119 4398 1283 4461 Venerabi-

142 4495 203 4556 lem
212 4497 348 4556 Fratrem
361 4495 519 4574 dloysium
527 4497 794 4576 Archiefa'scopum
808 4495 956 4570 Cmmem,
969 4492 1020 4572 qni
1035 4492 1126 4555 uestri
1142 4499 1172 4554 et
1184 4494 1284 4572 lpoe
