3194 5354
477 491 661 547 Evlstotu
682 492 725 544 ΕΓ
743 490 875 558 uuuvls
894 492 1125 548 SELEOEIORA.
1330 503 1372 560 jdl

226 613 282 676 pro
300 595 393 656 Nobis
416 595 548 656 subsidia
568 594 753 673 flagitamus,
768 593 827 659 ida
844 601 873 656 te
888 602 1062 676 perspectus
1074 604 1144 658 tuus
1159 598 1187 658 in
1203 600 1388 679 religionem·

226 692 318 768 zelus,
337 691 366 752 id
375 690 472 753 lllialis
485 709 556 770 erga
567 692 628 752 Nos
641 690 737 771 pietas
754 691 903 771 postulat,
927 692 957 752 id
967 700 1088 754 tuorum
1102 695 1193 756 etiam
1216 715 1376 777 regnorum

229 789 350 850 utilitati
374 808 409 850 ac
428 788 564 850 felicitati
578 788 726 869 precipue
748 789 971 852 conducbnum
991 809 1056 854 esse
1074 791 1160 853 facile
1176 813 1232 874 pro
1251 802 1304 856 tua
1325 814 1377 857 sa-

228 886 340 965 pientia
352 885 508 966 perspicis,
521 903 587 966 quas
597 885 741 948 nimirum
752 887 831 956 aluei
842 891 1025 970 protegentis
1037 891 1148 953 auxilio
1159 893 1253 973 rcpcti
1266 893 1377 956 debent

229 985 258 1045 in
268 1003 363 1065 eoque
374 985 547 1047 subsistere.
560 986 625 1048 Hoc
637 985 736 1066 ipsum
747 986 844 1049 enixis
853 989 914 1051 Nos
923 988 1063 1068 precibus
1073 988 1230 1058 ateooen
1240 989 1376 1063 omnium

226 1084 375 1145 bonorum
391 1083 531 1163 largitore
547 1082 601 1144 tibi
617 1083 762 1167 regiaque
778 1083 896 1147 tantilla
916 1094 974 1149 tue
987 1085 1142 1166 deprecari
1156 1103 1314 1166 nunquam
1328 1087 1377 1148 in-

225 1181 453 1242 termittentes
446 1199 475 1242 m
489 1180 605 1261 paterni
618 1181 712 1242 nostri
725 1180 882 1260 singularis
899 1179 1009 1243 amoris
1021 1177 1148 1263 lataque
1162 1183 1215 1244 tibi
1238 1191 1269 1244 et
1280 1182 1377 1245 latista

224 1278 326 1340 omnia
341 1278 511 1360 exoptantis
531 1279 728 1360 apostolicam
757 1277 999 1340 benedictionem
1015 1279 1161 1357 Maiestati
1176 1281 1248 1367 Tuas
1269 1297 1377 1359 aman-

225 1375 339 1437 tissime
354 1376 552 1458 impertimur.
571 1376 682 1436 Βρρεε]
697 1374 814 1444 Romo,
829 1380 900 1445 etr„
915 1375 965 1481 dte
978 1376 1148 1457 ojaaoarii
1166 1382 1240 1438 ltro
1251 1385 1377 1475 ,χρηιζ-

221 1475 327 1542 tratas
338 1477 435 1535 ηοηη·
451 1490 531 1534 sotto
538 1475 648 1552 primo

676 1875 810 1918 mblc'ro
833 1871 920 1916 l‘ltto

303 1984 477 2047 amomo
497 1984 759 2059 vlnsnccuro,
782 1982 938 2050 onomrs
958 1980 1293 2084 rnhaoicatonuu,
1366 1976 1368 2051 ζ

534 2108 771 2188 CLEMENS
798 2112 928 2189 PAPA
956 2112 1063 2189 xlv,

987 2268 1085 2331 Romu,
1097 2279 1110 2320 6
1123 2269 1227 2333 januarii
1244 2272 1312 2322 1770.

263 2385 395 2458 Dilecta,
408 2390 462 2444 ete.
476 2381 599 2445 Nullum
611 2399 684 2445 sane
694 2381 834 2445 exhibere
845 2382 937 2445 Nobis
950 2383 1074 2465 potuistr
1084 2402 1186 2467 neque
1197 2381 1376 2452 luculentius

224 2484 300 2549 tua'
293 2502 324 2546 η]
338 2484 398 2546 Nos
411 2500 447 2543 ne
457 2479 656 2561 apostolicam
671 2479 775 2543 sedem
788 2480 986 2545 observantia
988 2500 1109 2568 ,ηερρε
1121 2479 1232 2566 laetitia
1245 2481 1296 2547 ob
1293 2499 1376 2566 ›port‹¹

226 2580 349 2647 tiflciam
371 2579 548 2661 dignitatem
572 2578 610 2642 ad
623 2579 685 2641 Nos
708 2579 839 2643 delatam
856 2579 1030 2660 preclarius
1043 2563 1199 2666 Νηηίερεε
1212 2578 1376 2662 jncurdus

223 2680 428 2747 testimonium
438 2697 553 2761 ,quam
562 2686 716 2742 nuncate
725 2685 771 2741 est
782 2679 984 2767 prestitum,
989 2678 1183 2749 combbrum
1195 2688 1375 2761 tuumque

222 2777 396 2859 religionem
415 2783 500 2840 tanta
517 2795 588 2841 cum
601 2783 654 2865 tua
666 2776 771 2854 laude,
784 2796 822 2840 ac
837 2784 1007 2841 ceterorum
1020 2759 1150 2845 utilitate
1162 2776 1314 2861 deletus,
1334 2777 1376 2843 ηρ

222 2875 282 2937 Nos
300 2875 419 2941 misisti
435 2876 509 2937 Cum
530 2874 630 2982 operis
646 2874 736 2953 huius
750 2875 793 2937 tui
807 2875 1012 2955 mantiam
1026 2873 1225 2957 iampridem
1231 2893 1376 2956 persapora2

221 2978 285 3032 tam
296 2971 494 3056 haberemus,
507 2989 543 3033 eo
555 2969 658 3076 ἰηεεερ
666 2971 758 3033 etiam
771 2970 914 3035 libentius
922 2969 1108 3051 excepimus,
1120 2989 1155 3035 sc
1166 2969 1320 3052 proinde
1305 2987 1374 3030 nos·

221 3073 304 3125 trum
317 3040 372 3126 tibi
392 3065 597 3144 gratissimum
611 3064 747 3127 animum
767 3063 954 3143 profitemru.
972 3065 1108 3146 Cumque
1124 3066 1174 3142 Sa.
1190 3065 1282 3130 Mem.
1302 3065 1376 3144 dlo-

221 3159 314 3222 menti
329 3161 413 3235 Xlll,
428 3157 641 3243 predecessori
655 3163 758 3221 nosuo
775 3157 850 3221 illud
861 3157 999 3239 dicatum
1011 3164 1103 3241 atque
1122 3160 1332 3243 inscripturus
1346 3169 1376 3236 ρε

221 3258 329 3336 luerit,
342 3257 456 3320 idcirco
475 3256 512 3321 ad
533 3257 595 3319 Nos
607 3255 690 3338 ipsos
704 3254 853 3336 pertinere
867 3253 959 3318 eliam
973 3253 1080 3340 eodem
1095 3256 1164 3341 iure
1177 3263 1376 3341 εερρρεριεε,

222 3365 289 3421 tum
304 3355 473 3439 argruaenli
486 3354 566 3437 quod
582 3353 772 3435 agitantum
790 3352 942 3417 auctoris
934 3353 1028 3444 ipsius
1039 3372 1132 3423 causa
1142 3353 1183 3421 sd
1184 3353 1376 3441 zeliqiouis,.

222 3455 272 3517 cui
293 3454 478 3537 vigilandum
491 3450 585 3518 Nobis
599 3458 663 3529 est,
680 3450 836 3538 veritatem
850 3451 1061 3560 uindicandam
1074 3458 1139 3532 tam
1152 3452 1234 3540 ηερε
1248 3453 1374 3519 auimati

224 3551 419 3633 ejusdemque
431 3548 652 3613 studiosissimi.
670 3546 945 3638 δεηρερεεηερεε
963 3548 1014 3615 bic
1006 3548 1188 3644 εερίρίοεεε
1188 3528 1310 3637 tiendo
1322 3565 1376 3635 ar}

226 3651 282 3711 dor
294 3668 415 3712 noneo
378 3648 493 3712 coloci
515 3656 545 3709 te
563 3647 782 3723 constiturum
799 3646 854 3712 sed
867 3646 955 3711 novis
971 3647 1079 3707 iterum
1100 3632 1246 3725 susceptis
1270 3646 1374 3723 hujus-

225 3747 306 3809 modi
325 3747 481 3809 laboribus
496 3745 645 3808 uberius
639 3763 668 3804 m
683 3743 770 3804 dies
763 3761 792 3804 m
813 3743 983 3807 recentibus
996 3742 1164 3822 quibusque
1182 3740 1373 3803 confutandis

226 3842 378 3904 erroribus
389 3842 427 3904 de
433 3842 535 3902 dunno
543 3839 747 3921 promovendo
754 3841 849 3912 cultu,
858 3839 895 3901 de
903 3840 1036 3901 Ecclesia
1048 3845 1138 3919 atque
1148 3838 1223 3901 adeo
1237 3839 1274 3901 de
1281 3840 1373 3901 Nobis

227 3939 493 4001 benemeritorum
504 3937 673 4019 pollicetur.
687 3936 826 4017 Αηρηεη
837 3937 996 4017 preclaros
1010 3954 1066 4016 pro
1080 3936 1207 3999 Domino
1222 3935 1374 3998 conliden-

224 4044 269 4097 ter
283 4035 507 4122 prosequendos
515 4055 625 4101 wrsus
635 4054 707 4113 cum
718 4043 748 4111 to
761 4054 942 4116 mpgrtopfflc
954 4035 1159 4113 exhortamur,
1169 4035 1202 4099 iu
1211 4034 1373 4115 pontilicis

224 4139 330 4194 nostra
349 4132 561 4194 benevolentia
581 4139 792 4214 argumentum
812 4133 1011 4215 apostolicam
1026 4131 1264 4205 benedictionem
1282 4148 1373 4208 pera-

224 4235 341 4289 manter
351 4229 549 4310 impertimur.
569 4230 678 4291 Datum
690 4231 801 4301 lienus,
814 4239 886 4302 etc„
899 4233 1062 4305 electuarii
1076 4241 1163 4305 ltro,
1178 4230 1372 4305 pontificatus

226 4329 322 4387 nostri
333 4344 412 4387 anno
425 4332 535 4406 primo.

714 4449 887 4458 ..-
