3194 5354
342 448 526 504 EPlSTOLAE
541 448 587 504 ET
605 448 740 504 BREVlA
759 448 994 505 SELEC'slORA.
1194 454 1243 505 167

92 553 172 619 Nihil
185 552 279 617 Nobis
289 551 391 633 potius
405 560 496 634 atque
508 551 726 633 mtiquiusluit
737 598 745 630 ,
760 571 854 633 quam
862 553 988 634 obsequi
1000 555 1149 632 Majestati
1157 555 1244 630 Tne,

93 657 186 731 alque
198 650 281 715 burc
291 649 384 713 etiam
405 667 516 731 capere
533 650 635 712 locum
650 648 821 712 declarandi
841 648 913 726 tibi,
932 668 1025 731 quam
1040 650 1140 731 cupidi
1156 657 1245 732 atque

93 748 207 811 meres
220 746 331 824 umus,
342 746 501 824 eximiam,
510 763 573 827 que
586 745 617 809 in
627 751 658 808 to
668 744 804 823 terimur,
819 752 979 830 paternam
991 746 1178 813 voluntatem
1186 793 1195 826 ,
1203 767 1246 818 ¹ac

93 843 255 926 depuleris
266 843 483 911 studianoatra
493 843 548 909 tibi
559 842 790 924 comprobandi.
804 842 913 915 Statim
924 842 1026 922 itaque
1039 850 1070 905 et
1082 861 1193 924 equam
1206 844 1246 906 il-

93 943 155 1007 lam
165 942 223 1005 rite
232 941 341 1005 confici
354 942 395 1007 ab
406 942 472 1023 ipso
484 941 601 1005 artificii
617 941 773 1005 inventore
788 939 1016 1018 mandavimus,
1026 959 1122 1022 quam
1137 943 1176 1006 ab
1189 963 1247 1007 eo·

92 1041 164 1108 mm
176 1040 287 1105 dilecto
304 1041 367 1105 lilio
384 1041 416 1105 in
434 1041 558 1123 capsula
574 1040 784 1104 transmissam
797 1038 942 1120 accipies,
955 1045 988 1100 et
1006 1045 1149 1119 preterea
1163 1040 1246 1113 libel·²

92 1138 158 1203 lum
166 1136 313 1203 conscribi
321 1137 478 1217 jussimus,
490 1137 521 1200 in
533 1155 597 1217 quo
609 1143 728 1218 captas
738 1136 843 1217 peritis
851 1136 1056 1218 experimenta
1064 1136 1244 1215 referuntur,

93 1241 125 1296 et
136 1234 273 1315 resipsa,
282 1233 440 1314 exquibus
454 1232 710 1297 medicamentum
720 1233 924 1314 componitur,
939 1252 975 1296 ac
984 1233 1158 1300 elaboraudi
1168 1236 1246 1301 ratio

93 1333 273 1397 continetur.
299 1334 377 1397 Eum
397 1332 532 1397 libellum
555 1350 626 1394 cnm
641 1331 724 1394 hisce
744 1333 855 1395 nostris
875 1332 981 1394 reddet
1000 1333 1152 1411 Maiestati
1175 1336 1246 1403 ‘lua

94 1429 281 1494 Venerabilis
308 1430 412 1491 Frater
438 1429 587 1491 Antonius
612 1429 764 1508 Eugenius
794 1428 1047 1510 Arcbiepisoopus
1075 1429 1245 1511 Ephesinus

93 1527 202 1590 Noster
225 1527 449 1610 etApostolice
472 1527 556 1590 Sedis
582 1527 664 1609 apud
682 1534 712 1590 te
736 1528 910 1591 ordinarius
928 1527 1081 1605 Nuncius,
1104 1536 1195 1610 atque
1220 1532 1246 1593 is

93 1623 187 1687 etiam
208 1641 301 1705 quam
320 1623 448 1704 prolixio
469 1641 505 1686 ac
529 1623 684 1686 luculento
715 1623 817 1685 animo
836 1624 1041 1704 gratificamur
1056 1623 1127 1702 tibi,
1143 1646 1246 1691 coram

93 1741 150 1805 pro
160 1740 215 1790 suo
226 1739 351 1787 munere
370 1719 573 1784 confirmabit.
587 1720 733 1803 Cupimus
743 1739 816 1784 sane
827 1766 838 1798 ,
850 1719 1006 1784 carissime
1020 1720 1050 1784 in
1071 1723 1188 1787 Cluisto
1205 1725 1244 1786 fili

93 1828 207 1900 aare,
219 1827 309 1903 atque
319 1818 396 1883 adeo
407 1819 500 1882 etiam
511 1818 762 1884 confidimuslore
774 1820 1029 1901 utbincplurima
1039 1821 1078 1883 od
1093 1821 1246 1904 publicam

93 1919 276 2003 pomulorum
294 1917 456 1979 utilitatem
477 1915 533 1978 ilat
548 1917 703 1994 accessio,
721 1934 784 1998 quo
797 1916 911 1980 scilicet
922 1923 975 1982 tua
992 1918 1091 1980 studia
1106 1920 1247 2000 preclaro

93 2015 241 2079 collocata
253 2014 376 2090 scimus,
386 2018 537 2095 tantaque
548 2014 803 2097 potestatisusum
814 2015 964 2097 precipue
976 2034 1042 2078 esse
1054 2034 1244 2080 conversum.
1338 2032 1341 2038 ·

93 2112 141 2180 Ad
163 2112 222 2174 boc
236 2111 406 2193 optimum,
422 2109 678 2191 sapientissimum
696 2111 812 2191 regium
833 2111 992 2176 consilium
1008 2119 1095 2174 tuum
1116 2113 1248 2193 aliquam

92 2211 155 2273 Nos
166 2207 302 2271 conferre
313 2207 448 2290 potuisse
459 2213 594 2288 partem,
609 2208 640 2270 id
650 2226 722 2271 vero
732 2208 825 2271 Nobis
836 2209 893 2271 erit
906 2209 1171 2288 jucundissimum.
1184 2213 1248 2277 Hac

95 2309 224 2391 proinde
237 2327 330 2373 cansa
341 2309 421 2372 ultro
435 2308 469 2370 in
482 2308 619 2371 animum
630 2308 818 2385 inducimus,
835 2314 869 2371 ut
879 2308 958 2372 illius
971 2308 1126 2371 medicine
1136 2316 1247 2372 aucto-

93 2425 175 2485 rem,
200 2407 253 2487 qui
268 2425 350 2470 nuuc
360 2407 392 2468 iu
404 2405 544 2470 custodia
564 2405 702 2487 capitalis
720 2405 854 2468 criminis
868 2425 938 2469 reus
951 2406 1113 2482 detinetur,
1130 2426 1248 2490 apoeua

94 2504 201 2569 mortis
215 2505 394 2568 eximamus.
410 2502 498 2579 Quod
514 2509 601 2566 tauto
620 2502 762 2566 libentius
776 2521 796 2565 a
808 2502 901 2566 Nobis
920 2503 989 2581 tiet,
1007 2510 1121 2583 quanto
1133 2504 1248 2584 gratim

94 2601 228 2666 futurum
244 2622 310 2666 esse
324 2603 507 2667 arbitramur
523 2602 596 2680 libi,
618 2621 710 2684 quern
730 2621 801 2666 cnm
831 2601 969 2683 ejusdem
989 2603 1108 2667 artificii
1122 2623 1257 2685 coguos-
1336 2672 1338 2676 ,

94 2701 182 2765 cendi
202 2701 315 2783 ceperit
336 2699 520 2763 desiderium
543 2700 698 2781 cognitum
718 2699 811 2763 tuisse
829 2700 992 2783 postmodo
1004 2700 1132 2766 sortasse
1145 2702 1250 2766 delec-

42 2877 47 2887 ·
95 2799 182 2863 tabit.
198 2799 358 2879 Reliquum
372 2798 643 2876 est,Carissimein
656 2797 774 2861 Christo
785 2797 827 2859 fili
839 2806 952 2875 noster,
965 2805 999 2861 ut
1012 2800 1143 2863 lectiam
1159 2807 1249 2880 atque
1281 2861 1284 2866 .

94 2896 187 2959 etiarn
201 2896 408 2972 obsecremus,
428 2894 501 2957 illud
514 2897 645 2957 marimo
659 2896 715 2957 tibi
731 2914 911 2976 persuasum
930 2913 996 2957 esse
1014 2896 1087 2957 velis
1099 2941 1107 2971 ,
1121 2896 1248 2974 flagrare

93 2994 156 3054 Nos
178 2991 328 3053 immensa
341 3010 376 3053 ac
390 3008 511 3053 summa
524 3010 596 3069 erga
607 2998 636 3052 te
648 2991 767 3072 paterni
780 2992 893 3053 amoris
905 2998 936 3052 et
946 2991 1080 3053 caritatis
1097 2992 1248 3069 magnitu-

93 3090 184 3166 dine,
203 3088 336 3168 nihilque
351 3086 522 3151 ardentiore
539 3087 640 3149 studio
655 3107 674 3149 a
692 3090 754 3149 Deo
768 3088 802 3148 0.
816 3089 857 3149 Μ.
875 3087 1010 3169 precari,
1028 3107 1121 3167 quam
1137 3095 1171 3149 ut
1182 3090 1245 3169 ipsc

94 3188 225 3269 incoepta
239 3191 292 3247 tua
306 3183 440 3247 lortuuet
450 3183 568 3261 omnia,
584 3189 677 3262 utque
688 3182 845 3258 virtutem,
864 3181 1055 3257 felicitatem,
1072 3201 1107 3244 ac
1121 3183 1249 3264 gloriam

96 3293 181 3348 tuam
195 3283 287 3345 iaciat
302 3282 342 3345 ad
369 3282 508 3345 Ecclesia
521 3280 680 3345 Catholicae
701 3279 920 3343 incrementum
945 3280 1031 3341 etad
1055 3288 1193 3346 nostrum
1217 3289 1248 3343 et

97 3381 275 3464 Apostobca
288 3379 379 3458 hujus
393 3379 477 3442 Sedis
488 3376 633 3459 gaudium
650 3375 831 3439 redundare.
847 3377 917 3450 Que
944 3382 977 3437 ut
991 3384 1095 3440 nostra
1115 3377 1249 3459 auspica-

97 3478 174 3542 tiora
196 3477 255 3540 sint
275 3484 362 3554 vola,
385 3476 581 3558 apostolicam
603 3475 846 3538 benedictionem
860 3475 1000 3555 Augusta
1017 3474 1165 3554 Majestati
1179 3477 1249 3537 Tim

98 3574 202 3637 intimo
215 3576 332 3656 paterni
341 3573 442 3637 cordis
455 3590 543 3634 sensu
559 3571 765 3635 amantissime
779 3571 979 3654 impertimur.
999 3574 1110 3635 Datum
1130 3573 1247 3648 Rome,

100 3674 217 3751 rtjclii
233 3685 320 3752 rm,
332 3675 527 3754 pontificatus
543 3675 638 3732 nostri
651 3689 733 3733 cono
747 3676 847 3734 tertio.

604 3871 745 3944 CXLIX.

355 4021 523 4064 crnrssrno
546 4021 577 4061 ru
602 4019 735 4063 canrsro
760 4017 847 4059 rruro
870 4016 990 4060 nesrac

257 4119 408 4179 CXROLO
442 4117 715 4178 HISPANIARUM
748 4114 838 4176 nael
872 4114 1088 4175 CATHOLICO

406 4222 640 4301 CLEMENS
669 4223 797 4300 PAPA
825 4221 929 4299 XIV.

871 4365 962 4422 nome,
979 4368 987 4410 1
1006 4360 1099 4420 augusti
1116 4364 1184 4415 llil.

143 4457 317 4524 Carissimo,
338 4461 395 4514 etc.
421 4454 601 4538 Accepimus
624 4453 857 4517 humanissimas
872 4448 968 4529 Regia
991 4447 1156 4528 Maiestatis
1176 4450 1248 4512 Tuae
