3194 5354
399 473 580 531 aristone
599 473 645 531 ET
663 471 796 530 unavm
812 470 1048 530 SELECTIORA.
1249 478 1300 529 llll

153 598 223 642 nem
236 579 373 644 loturum
391 579 599 652 declaremus,
614 587 645 642 et
658 590 857 653 eonsensum,
875 578 1123 659 approbationem
1147 584 1301 655 nostram,

152 685 244 759 atque
253 677 428 760 apostolicae
441 677 629 740 auctoritatis
644 677 737 740 robur
750 675 999 756 adiungeremus,
1012 693 1074 755 quo
1088 674 1236 753 stabilior,
1253 682 1304 738 at

151 793 211 856 que
227 776 343 839 aerior
354 776 418 858 ipse
435 774 511 838 ordo
529 793 583 857 per
600 773 662 838 Nos
677 792 744 837 esse
755 774 866 856 possit,
880 792 915 836 oo
927 772 1047 854 pietatis
1059 771 1232 835 accessione
1248 791 1302 835 or-

151 872 260 935 natior.
273 875 336 935 Nos
347 871 438 954 igtut
446 886 502 950 pro
513 882 634 934 summa
643 871 705 949 illa,
715 883 777 952 qua
785 889 856 951 erga
865 869 991 950 Regiam
1001 869 1189 949 Maiestatem
1197 888 1303 932 sumus

149 975 277 1050 paterna
289 968 414 1031 carimte
425 967 565 1031 omnibus
577 969 643 1049 eius
654 968 755 1049 gloria
774 966 934 1044 decorum,
948 986 984 1028 ao
998 966 1163 1028 utilitatum
1177 968 1301 1030 rationi·

150 1065 208 1127 bos
221 1067 413 1129 vehementer
425 1066 549 1144 intanti,
563 1065 762 1148 propensique
781 1064 820 1128 ad
838 1083 874 1126 ea
886 1070 995 1126 cuncta
1008 1080 1206 1144 quecumque
1219 1081 1300 1145 pre-

150 1164 252 1226 sertim
266 1163 305 1226 ad
316 1164 369 1226 liei
382 1164 516 1237 cultum,
537 1164 680 1245 regnique
694 1162 885 1246 splendorem
907 1158 1133 1242 provehendum
1146 1159 1300 1239 decernit,

149 1259 471 1340 primumvoluntetem
477 1258 517 1320 de
524 1258 574 1320 illo
584 1256 766 1319 instituendo
774 1256 879 1320 ordine
885 1255 1124 1333 suammajorem
1132 1254 1163 1316 in
1173 1255 1300 1319 modum

148 1356 412 1433 commendamus,
431 1374 467 1417 ac
479 1356 660 1438 probamus,
675 1353 872 1434 ordinemque
885 1371 956 1415 cunr
968 1352 1067 1433 ipsum
1081 1352 1124 1414 ita
1133 1352 1300 1415 confirma-

148 1471 232 1530 mus,
252 1460 286 1515 ut
308 1453 347 1514 ad
372 1452 503 1514 eundem
523 1452 620 1531 magis
639 1450 873 1527 stabiliendum,
901 1447 1172 1530 illustrandumque
1197 1452 1299 1514 omnia

147 1551 326 1632 apostolica
341 1550 425 1614 Sedis
436 1549 592 1632 praesidia,
612 1555 702 1630 atque
716 1552 893 1625 ornamenta
902 1593 910 1625 ,
926 1552 1074 1628 quantum
1089 1545 1134 1608 las
1145 1553 1206 1624 est,
1225 1566 1298 1610 con-

146 1649 226 1711 ferre
255 1650 352 1731 parati
386 1648 490 1710 simus.
515 1648 702 1728 Quapropter
724 1643 981 1726 quemadmodum
1002 1642 1134 1724 postulat
1156 1644 1297 1722 Maiestas

146 1747 224 1824 Tua,
239 1745 449 1821 concedimus,
464 1750 497 1805 et
509 1743 717 1824 indulgemus,
733 1749 767 1805 ut
781 1741 915 1803 adhibito
926 1741 1060 1802 virorum
1073 1740 1297 1804 ecclesiastico-

146 1859 215 1903 rum
225 1842 352 1904 oonsilio
362 1840 474 1923 percipi
486 1840 579 1923 possit
592 1841 765 1922 quotannis,
778 1847 869 1923 alque
881 1841 912 1903 in
925 1841 1007 1903 hunc
1016 1830 1153 1902 ordinem
1162 1843 1296 1904 converti

145 1938 288 2016 dimidia,
306 1939 352 2001 vel
365 1938 455 2001 tentia
470 1957 542 2021 pars
562 1936 716 2002 fructuum
729 1937 1075 2020 commodarumque
1092 1951 1185 2022 porro
1203 1958 1297 2002 vaca-

145 2040 220 2097 torae
233 2040 313 2097 sunt.
325 2036 459 2109 Quatuor
468 2033 644 2098 militarium
653 2037 810 2116 Ordinem,
823 2054 931 2118 nempe
941 2036 972 2098 S.
982 2036 1105 2114 Lazari,
1119 2032 1294 2116 calatrava,

143 2131 314 2193 Alcantarae
322 2175 331 2207 ,
346 2136 377 2192 et
389 2129 548 2208 llontosae,
561 2130 662 2213 aliqua
674 2130 779 2195 itidem
798 2144 869 2215 pars
881 2130 1035 2194 fructuum
1051 2150 1087 2193 ex
1102 2129 1198 2194 Mitris
1212 2138 1244 2195 et
1259 2132 1295 2194 iis

143 2227 388 2310 Episcopalibus,
400 2225 453 2308 qui
465 2224 681 2292 ierendooneri
691 2247 780 2312 pares
790 2247 855 2291 esse
871 2228 935 2291 sine
951 2229 1013 2291 ullo
1024 2227 1292 2307 curaeanimarum,

142 2327 365 2405 divioicultus,
380 2324 504 2391 subsidii
519 2336 687 2409 pauperum
701 2322 881 2390 detrimento
903 2326 1022 2388 valeant
1031 2371 1039 2403 ,
1055 2325 1151 2387 donec
1169 2325 1208 2387 ad
1226 2345 1294 2388 eam

143 2442 296 2487 summam
308 2429 485 2506 perventum
500 2420 608 2502 fuerit,
621 2442 660 2486 ex
673 2442 734 2504 qua
748 2421 884 2485 redditus
898 2422 989 2485 annui
1003 2421 1177 2504 quindecies
1190 2431 1295 2487 cente-

144 2539 221 2584 num
231 2520 359 2584 milbum
372 2516 509 2584 Realiurn
522 2519 630 2583 confici
644 2520 778 2603 possint,
796 2528 829 2583 ut
840 2520 883 2584 ita
896 2526 928 2582 et
939 2521 1105 2583 retineatur
1119 2515 1248 2602 dignitas
1264 2531 1295 2584 ot

144 2618 303 2683 necessarii
317 2614 413 2679 ordini
430 2623 585 2700 sumptus,
597 2626 628 2681 et
641 2609 924 2696 benemerentibus,
947 2636 983 2681 ao
994 2619 1104 2681 virtute
1117 2619 1249 2701 preditis
1264 2620 1293 2682 in
1363 2681 1364 2686 ,

143 2715 251 2778 codem
261 2715 365 2778 ordine
377 2714 502 2797 praemia
512 2721 686 2797 suppetant.
700 2712 869 2778 Plenariam
881 2720 1025 2796 preterea
1037 2722 1232 2798 peecatorum
1245 2716 1294 2778 inm

142 2813 328 2894 dulgentiam
339 2813 466 2894 benigne
482 2813 626 2893 largimur
638 2813 780 2875 omnibus
793 2813 845 2894 qui
860 2812 891 2874 in
907 2831 944 2874 eo
956 2809 1061 2874 ordine
1076 2811 1192 2892 insigne
1204 2832 1294 2875 acoe-

142 2911 259 2992 perint,
273 2916 304 2971 et
320 2910 373 2990 qui
387 2905 533 2987 confessi,
548 2928 584 2971 ao
597 2927 683 2971 sacro
696 2909 909 2971 communione
924 2906 1047 2986 relecti,
1066 2905 1223 2989 Deumque
1237 2928 1293 2990 pro

142 3009 175 3067 S.
197 3005 335 3067 Ecclesiae
348 2996 529 3067 exaltatione
551 3004 607 3066 rite
624 3002 734 3067 luerint
751 3004 905 3086 deprecati
924 3023 960 3066 ac
974 3003 1189 3083 jurejurando,
1211 3005 1297 3085 quod'

142 3102 327 3184 praestabunt
336 3119 374 3165 en
386 3099 528 3177 formula,
550 3118 583 3162 se
597 3118 634 3161 ex
649 3100 751 3162 animo
765 3099 979 3162 obstrinxerint
989 3100 1121 3163 victuros
1132 3118 1164 3162 se
1177 3118 1242 3162 csse
1263 3101 1292 3164 in

143 3199 203 3261 lide
218 3197 387 3276 catholica,
406 3196 438 3259 in
458 3213 554 3277 eaque
574 3194 755 3273 morituros,
771 3214 807 3259 ac
827 3197 888 3278 regi
907 3196 1016 3277 iidem,
1040 3198 1237 3280 obsequium,
1257 3218 1293 3262 ac

142 3293 344 3360 obedientiam
363 3310 482 3374 semper
496 3290 721 3354 accuratissime
735 3293 936 3375 praestituros,
957 3313 1055 3375 neque
1075 3293 1242 3375 quidquam
1262 3296 1293 3359 in

142 3412 230 3472 eom,
247 3393 279 3454 in
290 3391 414 3472 Regiam
425 3390 827 3470 Domum,regn1uuquevel
845 3387 958 3453 directe
969 3389 1014 3452 vel
1027 3389 1188 3470 indirecte,
1202 3401 1293 3474 aquo

144 3490 189 3552 vol
200 3490 265 3572 ipsa
273 3486 416 3569 cogitatio
433 3494 468 3548 ut
479 3482 633 3564 unciaria,
643 3491 675 3548 et
685 3484 779 3567 impio
790 3486 901 3548 scelere
913 3485 1074 3549 avertenda
1087 3493 1144 3564 est,
1157 3500 1292 3568 unquam

144 3584 310 3648 molituros.
335 3581 484 3645 Eamdem
509 3578 633 3645 demum
654 3581 823 3664 plenariam
845 3578 1061 3664 indulgentiam
1086 3582 1242 3662 largimur,
1262 3593 1293 3647 et

143 3680 335 3744 concedimus
353 3670 494 3742 omnibus
513 3696 550 3740 ex
573 3697 611 3740 eo
628 3677 748 3758 ordine,
769 3681 821 3762 qui
841 3679 871 3742 in
891 3680 957 3763 ipso
972 3676 1180 3761 conceptionis
1193 3680 1292 3744 Beate

143 3777 243 3841 blariae
263 3776 393 3859 Virginis
413 3769 507 3853 l‘esto,
538 3770 620 3857 quod
645 3775 702 3859 ipsi
722 3779 872 3862 precipue
893 3799 930 3842 ex
955 3778 1091 3841 instituto
1113 3779 1292 3844 celebraturi

142 3880 249 3954 emant,
266 3876 312 3938 vel
328 3875 360 3937 iu
375 3866 509 3938 Ecclesia
521 3874 552 3937 S.
572 3870 722 3938 Francisoi
737 3870 849 3939 Matriti
868 3877 956 3958 vulgo
972 3877 991 3938 il
1006 3877 1140 3954 Grande,
1158 3879 1204 3941 vel
1220 3886 1291 3942 euni

143 3989 196 4032 rex
210 3969 273 4051 ipse
286 3970 434 4051 interam,
448 3973 479 4034 in
493 3971 575 4053 regia
589 3966 695 4035 Palatii
707 3970 865 4057 Coppelle,
880 3972 1007 4036 confessi
1016 3975 1140 4056 pariter,
1156 3993 1192 4036 ao
1205 3994 1291 4037 sacra

142 4066 355 4131 communione
375 4061 478 4130 refecti
496 4065 623 4147 luerint,
635 4066 790 4152 Deumque
800 4071 856 4134 rite
869 4078 900 4135 et
913 4091 969 4154 pro
981 4070 1133 4134 catholica
1145 4070 1289 4150 Ecclesia,

141 4171 173 4224 et
183 4183 239 4245 pro
252 4165 345 4245 regis,
361 4164 503 4245 regnique
520 4165 726 4231 incolumitate
742 4169 903 4232 oraverint.
919 4173 1018 4251 Atque
1029 4170 1085 4231 hos
1098 4168 1220 4249 quidem
1234 4166 1291 4231 be·

143 4259 294 4342 nignitatis
306 4262 475 4342 apostolicae
485 4261 619 4343 fructos,
631 4276 708 4346 quos
720 4266 959 4330 luculentissimo
974 4284 1044 4346 erga
1055 4264 1242 4327 carissimum
1259 4266 1289 4328 in

143 4355 260 4418 Christo
280 4357 395 4437 libum,
415 4360 539 4441 ejusque
559 4362 674 4443 regium
693 4362 832 4426 ordinem
851 4364 951 4426 auimo
974 4361 1164 4441 impertimur
1182 4362 1290 4442 pignus

141 4451 294 4533 quoddam
306 4472 373 4517 esse
387 4456 525 4519 volumus
539 4476 645 4519 eorum
658 4505 666 4537 ,
679 4477 744 4539 quae
760 4459 956 4539 imposterum
975 4455 1152 4537 impertituri
1168 4475 1289 4536 sumus,

1141 4568 1182 4619 12.
