3194 5354
241 501 289 550 174
670 487 872 543 merianus
889 487 956 541 XIV

240 601 269 661 in
287 596 454 677 apostolica
468 593 693 668 benedictione,
707 608 801 672 quam
819 593 886 669 libi,
901 591 1010 653 dilecte
1026 591 1079 668 lili,
1096 610 1133 652 ac
1155 591 1204 654 isti
1216 593 1389 657 Acadama

237 702 343 756 restra
353 740 361 771 ,
371 695 458 772 cnjus
470 693 636 773 plurimum
649 692 796 752 rationem
809 691 967 768 babemus,
979 695 1171 772 peramanter
1182 689 1386 771 impertimur.

238 795 349 853 Dolum
371 792 484 859 llornoe,
508 797 579 858 ete„
606 789 843 866 dirumpunt
864 798 951 859 ml,
969 791 1163 866 pontificatue
1184 794 1287 850 nmtri
1306 809 1388 852 nano

233 895 334 952 tertio.

746 1084 854 1155 Cle.

637 1242 831 1285 veneramur
854 1241 970 1284 rnnrm

435 1349 603 1409 insarno
624 1348 884 1408 PATRIAROEAE
905 1344 1183 1409 CHALDAEORUN

540 1471 776 1554 CLEMENS
802 1472 932 1548 PAPA
959 1468 1066 1546 XIV.

980 1624 1074 1680 Romae.
1085 1624 1116 1672 tl
1126 1622 1223 1684 ΝΜ
1237 1624 1303 1674 lm.

275 1722 471 1793 Venerabilis,
481 1727 539 1784 etc.
549 1722 614 1786 Tua
621 1720 831 1802 gratulationis
839 1718 941 1783 cilinia
953 1716 1038 1782 luera
1046 1716 1140 1782 Nobis
1145 1714 1379 1807 jucanfflssima,

229 1818 417 1883 Venerabilis
430 1820 544 1897 Frater,
566 1839 636 1882 cum
650 1820 759 1882 exinde
772 1819 907 1882 animum
921 1825 1008 1880 tuum
1025 1814 1191 1879 Nobiscum
1208 1814 1238 1878 in
1255 1814 1379 1898 spiritus

227 1918 343 1980 unitate
356 1919 552 1997 conjunctum
562 1917 681 1999 egrepo
693 1918 723 1979 in
736 1917 902 1979 Ecclesiam
912 1915 1012 1978 studio
1025 1921 1114 1995 atque
1127 1912 1159 1975 in
1173 1910 1378 1996 Apostolicam

228 2013 340 2075 Sedasa
348 2013 470 2094 pietatis
482 2032 518 2075 ac
530 2013 726 2076 observantie
737 2031 826 2075 sensu
836 2013 916 2075 allici
927 2012 1091 2074 videamus
1106 2010 1169 2073 Nos
1178 2008 1300 2092 quidem
1310 2031 1378 2094 gru-

228 2111 386 2173 vissimum
404 2111 504 2172 subire
518 2111 634 2172 Summi
649 2110 843 2173 Pontificatus
863 2128 939 2172 onus
953 2109 1007 2170 etsi
1026 2110 1175 2190 impares,
1193 2110 1255 2170 Deo
1275 2117 1378 2172 tamen

225 2208 345 2269 volente
360 2226 421 2269 non
435 2207 677 2284 detrectavimuS,
689 2208 718 2268 in
731 2226 802 2269 enm
818 2207 1011 2285 conjicientes
1025 2214 1221 2286 spcsnostras
1235 2207 1376 2269 assiduis·

223 2321 285 2382 que
301 2301 441 2383 precibus
459 2304 557 2383 ipsum
572 2304 781 2381 obsecrantes,
803 2312 837 2365 nt
847 2304 898 2365 det
909 2303 1001 2364 Nobis
1015 2300 1133 2364 sedium
1148 2322 1273 2366 suarum
1286 2307 1378 2368 assis-

227 2400 332 2462 tricem
355 2400 547 2480 sapientiam,
569 2410 635 2481 qua
648 2399 810 2463 Nobiscum
824 2401 877 2476 sit,
892 2419 928 2461 ac
946 2417 1002 2480 pro
1022 2418 1076 2462 sua
1094 2401 1229 2462 Ecclesia
1248 2402 1376 2482 regenda

225 2497 396 2576 tuendaque
419 2497 582 2559 Nobiscum
605 2496 731 2560 laboret.
747 2501 811 2574 Qua
830 2517 903 2560 sane
922 2496 953 2560 in
972 2495 1082 2561 fiducia
1102 2516 1139 2560 eo
1159 2499 1377 2562 confirmamur

224 2592 338 2671 magis,
359 2610 420 2672 qno
433 2593 520 2672 plura
533 2590 666 2655 fidelium
679 2601 748 2655 vota
770 2613 825 2675 pro
839 2592 933 2657 Nobis
947 2591 985 2656 ad
1001 2596 1098 2656 Deum
1115 2595 1200 2657 fundi
1215 2601 1377 2678 cognosci-

227 2707 304 2750 mus.
321 2688 353 2750 Id
368 2706 439 2749 cum
449 2695 481 2750 tu
495 2687 585 2750 etiam
596 2735 603 2765 ,
615 2687 801 2751 Venerabilis
811 2689 926 2769 Frater,
942 2709 1012 2752 oum
1023 2691 1187 2754 commisso
1196 2693 1252 2755 tibi
1262 2696 1376 2776 populo

224 2787 273 2867 pie
287 2786 479 2867 studioseque
493 2785 677 2867 prestiteris,
693 2802 730 2847 ac
744 2792 884 2867 prestare
901 2804 959 2867 pro
975 2793 1029 2848 tua
1041 2786 1184 2866 religione
1200 2807 1263 2850 non
1279 2790 1376 2853 inter*

224 2883 343 2961 mittas,
363 2883 532 2946 maximum
551 2883 610 2945 boc
625 2881 763 2958 exhibes,
778 2882 930 2962 Nobisque
953 2883 1243 2964 opportunissimum
1263 2893 1322 2948 tua
1343 2889 1374 2950 in

223 2980 283 3044 Nos
300 2980 468 3045 devotionis
482 2986 710 3061 argumentum,
729 2997 790 3059 quo
811 2986 920 3041 nostra
933 2977 971 3041 de
992 2986 1045 3042 tuo
1065 2979 1169 3057 isthic,
1191 2991 1375 3066 tuorumque

221 3085 302 3142 statu
322 3087 455 3162 paterna
471 3078 661 3142 sollicitudini
675 3077 851 3160 respondes,
866 3078 1072 3159 maJoremquo
1088 3077 1119 3139 in
1134 3076 1261 3142 modum
1280 3098 1375 3161 auga

220 3183 356 3239 nostram
367 3195 438 3256 erga
452 3183 482 3238 te
497 3175 751 3251 benevolentiam,
770 3173 856 3253 cuius
868 3172 922 3234 tibi
934 3172 1049 3236 fructus
1061 3172 1269 3254 paratissimos
1286 3195 1373 3239 sern-

220 3288 275 3349 per
290 3272 320 3332 in
337 3271 431 3333 Nobis
453 3290 509 3352 pro
531 3269 756 3352 opportunitate
774 3287 810 3331 ac
824 3267 967 3330 facultate
980 3275 1082 3331 nostra
1096 3267 1213 3333 luturos
1225 3277 1259 3334 ut
1272 3273 1371 3352 magis

221 3366 276 3428 tibi
291 3367 488 3448 persuadeas,
504 3367 700 3447 apostolicam
721 3364 961 3428 benedictionem
975 3364 1040 3442 tibi,
1054 3364 1239 3431 Venerabilis
1250 3364 1369 3442 Frater,

220 3483 258 3527 ac
279 3465 419 3529 omnibus
440 3464 508 3527 iidci
532 3473 589 3527 tue
611 3463 790 3527 concreditis
813 3462 932 3544 populis
954 3470 1146 3546 peramanter
1168 3462 1369 3549 impertimur.

220 3565 763 3644 Datumltoma,etc.,dte24aaqurn
774 3565 1169 3642 lttl‚ponti)toatuaaortri
1177 3558 1367 3661 mano-lertio.

746 3786 837 3856 CLV.

479 3942 646 3984 cunrssmo
668 3943 705 3983 ιι(
728 3940 857 3986 cantaro
879 3940 966 3985 rimo
989 3942 1107 3986 nosrao

325 4047 521 4109 LUDOVICO
541 4046 783 4108 FRANGORUM
802 4048 898 4109 REGI
918 4048 1258 4115 eflmsulnnlssnlo

526 4160 760 4240 CLEMENS
788 4164 918 4241 PAPA
945 4165 1053 4243 xlv.

973 4320 1109 4380 nument
1124 4320 1218 4384 augntt
1232 4320 1303 4371 1771.

258 4404 437 4479 Carissimo,
457 4419 514 4471 ete.
541 4414 730 4493 Quamquam
744 4415 836 4477 Nobis
861 4416 1122 4498 perspectissimus
1140 4402 1207 4482 erat
1229 4407 1367 4501 egregius

217 4498 413 4580 animusque
423 4506 562 4583 MaJ'cstas
568 4510 635 4570 'lira
646 4518 724 4572 esset
736 4519 896 4592 exceptura
903 4514 1016 4576 ordinis
1025 4514 1124 4577 Sancti
1139 4512 1207 4578 nun
1220 4517 1365 4580 unionem
