3194 5354
341 511 392 560 Μ
771 504 975 561 medentis
994 506 1062 558 xlv

339 617 370 670 et
381 612 441 670 Nos
455 627 580 689 operam
593 628 714 671 omnem
727 618 862 671 nostram
880 609 1090 683 adhibuimus,
1104 615 1137 669 ut
1148 617 1194 686 te,
1211 612 1400 676 Venerabilis
1415 617 1490 680 Fra-

340 716 397 785 ter,
412 708 515 788 patria
529 726 566 769 ac
583 707 713 769 libertati
727 708 898 769 restitutum
913 707 1096 783 rideremus,
1111 706 1142 767 id
1157 707 1278 770 tandem
1295 729 1332 770 ex
1347 717 1402 773 tua
1419 732 1490 777 nos-

339 814 445 887 traque
457 807 606 868 sententia
618 804 743 867 feliciter
754 813 784 867 te
795 824 860 867 esse
871 812 1067 867 consecutum
1079 824 1117 866 ex
1128 805 1222 867 literis
1234 809 1423 874 Venerabilis
1432 815 1491 876 Ea-

338 905 392 965 tris
405 903 527 984 losepbi
547 903 762 984 archiepiscopi
783 902 883 983 Beryti
906 902 1048 963 ordinarii
1070 903 1165 963 nostri
1185 903 1216 964 iu
1237 904 1363 968 Potonia
1385 911 1486 973 Nuntii

339 1000 503 1065 incredibili
508 1000 707 1079 jucunditatis
717 1019 752 1062 ac
759 1000 864 1060 latitia
871 1018 960 1061 sensu
968 999 1176 1077 cognorimus.
1187 1000 1352 1081 Propterea
1361 1000 1490 1068 Domino

338 1101 400 1159 Deo
409 1104 529 1173 nostro,
539 1096 621 1176 quod
629 1103 657 1158 te
668 1097 698 1156 in
710 1097 904 1159 tribulatione
914 1095 1074 1177 patienter,
1083 1114 1119 1156 ac
1129 1103 1301 1160 constanter
1311 1099 1491 1180 perferenda

338 1194 450 1256 coelesti
469 1212 526 1254 suo
539 1193 676 1273 prasidio
697 1192 933 1269 confirmaverit,
955 1200 987 1253 et
1005 1192 1128 1253 demum
1142 1193 1325 1257 ineolumem
1348 1198 1386 1259 ad
1411 1201 1491 1263 cives

338 1301 425 1366 tuos,
444 1299 590 1368 tuumque
614 1309 735 1368 gregem
748 1289 901 1350 reduxerit
915 1289 1079 1367 singulares
1091 1292 1203 1368 gratias
1216 1292 1344 1370 egimus.
1364 1296 1388 1355 F
1389 1305 1489 1359 rater-

333 1386 424 1447 ·nitati
441 1393 500 1447 tuae
515 1386 617 1465 itaque
641 1403 823 1464 magnopere
843 1386 989 1460 laetamur,
1010 1393 1126 1466 tuaque
1141 1387 1280 1449 Ecclesia
1291 1396 1381 1469 atque
1394 1392 1487 1454 etiam

337 1483 429 1544 Nobis
448 1482 519 1562 ipsis
540 1501 576 1542 eo
593 1481 688 1559 magis
710 1483 907 1560 gratulamur,
923 1501 984 1561 quo
996 1484 1144 1559 majorem
1161 1483 1252 1559 inte,
1268 1488 1488 1568 atqueepisco

337 1577 398 1656 pali
408 1584 461 1638 tuo
469 1596 541 1656 erga
550 1577 714 1638 Ecclesiam
726 1576 826 1638 studio
838 1595 922 1657 spem
932 1578 1231 1659 expectationemque
1241 1580 1398 1645 babemus.
1413 1586 1488 1647 Pra-

334 1679 428 1740 stanti
452 1678 534 1739 enim
560 1678 669 1736 virtute
696 1684 748 1735 tua
776 1675 861 1750 lreti,
889 1675 992 1754 tuique
1018 1677 1128 1755 egregii
1148 1676 1255 1754 animi,
1279 1680 1488 1758 magnitudine

335 1778 489 1857 pluribus,
503 1777 657 1854 clarisque
679 1774 795 1835 indiciis
812 1772 904 1834 Nobis
922 1781 1078 1853 perspecta
1101 1780 1131 1834 tc
1152 1774 1197 1835 tui
1218 1773 1344 1837 similem
1364 1795 1488 1859 semper

336 1875 471 1935 futurum
489 1874 519 1934 in
535 1872 677 1951 religione
692 1871 802 1931 tuenda
823 1869 1013 1931 confidimus.
1030 1871 1064 1931 ld
1081 1879 1141 1930 ate
1154 1872 1318 1951 prasertim
1327 1871 1386 1934 hoc
1402 1883 1488 1938 tem-

336 1989 409 2050 pore
421 1977 629 2050 expectamus,
641 1975 730 2047 atque
742 1967 818 2028 adeo
828 1966 1018 2047 exposcimus
1029 2012 1037 2042 ,
1048 1984 1119 2027 eum
1132 1985 1243 2046 magno
1254 1968 1283 2029 in
1293 1976 1376 2031 metu
1389 1969 1486 2032 simus

336 2068 437 2148 nequi
448 2075 575 2128 conatus
588 2066 618 2126 in
628 2064 772 2145 proximis
780 2063 864 2140 regni
876 2063 964 2123 vestri
976 2062 1106 2123 comitiis
1116 2062 1256 2136 existant,
1267 2082 1306 2125 ne
1316 2082 1383 2143 qua
1392 2064 1425 2126 iu
1436 2065 1486 2127 di-

335 2165 395 2225 rini
408 2165 505 2225 cultus
522 2170 612 2242 atque
628 2162 712 2223 avita
726 2168 828 2222 restra
841 2159 990 2239 religionis
1001 2160 1202 2238 integritatem
1212 2162 1384 2225 molitiones
1396 2163 1481 2225 liant.

335 2267 401 2337 Quo
413 2264 549 2343 graviore
562 2262 594 2322 in
604 2259 775 2322 discrimine
787 2277 822 2319 ac
841 2257 974 2338 periculo
988 2257 1126 2318 Ecclesia
1140 2276 1187 2318 res
1200 2258 1312 2320 versari
1325 2277 1417 2339 posse
1427 2259 1483 2321 dus

336 2360 486 2436 bitamus,
501 2377 538 2420 eo
565 2359 740 2419 alacriorem
759 2364 843 2418 tuam
858 2373 983 2436 operam
1004 2375 1059 2436 pro
1080 2357 1172 2419 domo
1192 2357 1310 2421 Domini
1330 2359 1482 2433 futuram,

336 2466 424 2537 teque
438 2457 548 2517 Nuntio
563 2463 666 2516 nostro
676 2455 811 2535 presidia
824 2462 915 2534 atque
927 2455 1100 2531 adjumenta
1109 2457 1227 2534 omnia,
1239 2457 1341 2536 quoad
1353 2464 1408 2520 tua
1420 2458 1483 2520 lieri

335 2553 444 2632 possit,
460 2558 670 2631 prestaturum
688 2569 854 2630 speramus.
871 2553 928 2613 l‘ro
943 2551 1131 2628 hujusmodi,
1144 2559 1258 2632 tuoque
1273 2554 1392 2616 muneri
1412 2573 1485 2617 oon-

335 2650 485 2711 sentoneis
496 2649 582 2710 lactis
595 2667 735 2726 maguam
746 2648 817 2724 tibi,
831 2657 921 2728 atque
933 2649 1134 2711 immortalem
1145 2650 1317 2712 mercedem
1330 2669 1350 2712 a
1362 2669 1482 2714 suntuxo

334 2751 491 2827 pastorum
505 2745 643 2824 Principe
664 2752 801 2824 paratam
815 2763 880 2823 esse
901 2746 991 2807 nosti.
1007 2747 1067 2807 Nos
1078 2746 1170 2807 etiam
1184 2747 1235 2826 qui
1248 2747 1327 2808 illius
1338 2749 1481 2810 vicariam

334 2849 532 2922 potestatem,
555 2843 622 2931 licet
643 2841 853 2918 immerentes,
869 2843 1064 2919 sustinemus,
1078 2842 1161 2904 bisce
1182 2844 1241 2904 tuis
1262 2844 1292 2903 in
1315 2844 1481 2906 Ecclesiam

332 2939 449 3002 meritis
462 2939 587 3003 mirifice
599 2939 763 3015 devincies,
777 2947 810 2999 ut
824 2958 1020 3020 quacumque
1034 2939 1172 3015 aNobis,
1190 2948 1282 3020 atque
1296 2940 1337 3003 ab
1354 2950 1483 3024 aposto-

333 3041 390 3103 lica
401 3040 459 3103 hac
471 3040 546 3103 Sede
559 3039 709 3121 proficisci
720 3038 782 3101 sire
796 3039 826 3098 in
838 3045 882 3115 te,
898 3040 959 3098 sire
974 3040 1003 3099 in
1016 3045 1101 3098 tuam
1116 3039 1247 3099 Domum
1255 3083 1263 3115 ,
1280 3037 1342 3100 sive
1353 3039 1384 3100 in
1395 3046 1482 3102 tuum

331 3159 469 3220 gregem,
488 3149 539 3200 aut
560 3140 731 3200 universam
751 3136 882 3198 Potoniae
901 3135 1066 3197 Ecclesiam
1080 3135 1190 3214 possit,
1216 3153 1254 3196 ea
1274 3135 1346 3213 tibi,
1369 3142 1483 3215 tuaque

331 3257 424 3299 causa
432 3283 440 3314 ,
455 3238 513 3298 illis
527 3236 720 3298 libentissime
731 3234 857 3297 delaturi
870 3234 974 3295 simus.
997 3234 1119 3295 Interim
1136 3241 1171 3295 ut
1182 3234 1304 3314 aliquod
1317 3234 1481 3298 Pontillcia

332 3335 361 3395 iu
374 3342 403 3395 te
418 3335 552 3396 caritatis
565 3340 775 3412 argumentum
789 3333 917 3407 babeas,
930 3331 983 3391 tibi
1004 3349 1041 3391 ex
1056 3331 1194 3393 Ecclesia
1206 3331 1354 3393 thesauris
1369 3329 1400 3392 id
1420 3331 1482 3393 im·

331 3433 489 3514 pertimur,
509 3441 539 3494 et
564 3432 774 3507 concedimus,
803 3436 837 3490 ut
857 3428 1069 3509 quodcumque
1089 3429 1237 3508 templum
1258 3427 1404 3490 arbitratu
1422 3436 1480 3490 tuo

330 3531 463 3612 quotidie
483 3530 627 3606 adiveris,
641 3548 746 3590 ournes
757 3547 808 3591 cas
823 3528 1022 3607 indulgentias
1039 3545 1243 3607 consequare,
1256 3525 1378 3608 perinde
1396 3543 1435 3587 ac
1452 3528 1480 3588 si

329 3630 509 3690 Vaticanum
528 3628 675 3709 templum
701 3627 852 3688 inviseres.
876 3628 1003 3686 Demum
1022 3624 1219 3704 apostolicam
1236 3619 1482 3686 benedictionem

330 3727 394 3801 tibi,
407 3727 592 3788 Venerabilis
614 3728 728 3802 Frater,
750 3733 868 3804 tuaque
889 3722 1138 3808 fideicommissa
1151 3724 1265 3805 populo
1284 3731 1481 3806 peramanter

329 3824 526 3903 impertimur.
544 3827 657 3885 Datum
678 3824 778 3883 Roma
791 3821 872 3898 aprrd
892 3822 925 3881 S.
939 3822 1061 3880 Petram
1082 3821 1136 3880 sub
1158 3823 1281 3883 Annulo
1295 3823 1481 3897 Piscatortx,

327 3922 377 3982 die
392 3933 410 3980 u
423 3927 529 3982 martti
543 3933 633 3992 1773,
646 3923 841 3999 pontificatus
852 3925 949 3979 nostri
960 3937 1041 3979 onae
1058 3927 1174 3999 quarto.

365 4052 466 4110 Eodem
481 4051 603 4124 exenrplo
617 4070 623 4106 :
637 4053 771 4124 Episcopo
784 4051 932 4107 Kieriensi.

809 4226 991 4241 Μ
