3194 5354
500 524 724 578 'Domitianis
744 523 869 575 t'slrln.

624 696 740 765 CCCV.

446 847 471 904 Α
492 845 714 906 MONSIGNOR
736 843 922 903 GAllAMPl.

816 976 909 1033 Romu,
929 977 955 1023 17
968 972 1109 1036 septembris
1126 976 1192 1023 177⁴.

156 1082 344 1146 perillustris
352 1091 382 1144 ct
393 1085 636 1145 reverendissime
648 1087 777 1147 Domine
787 1087 834 1145 uti
844 1084 960 1144 Frater.
971 1079 1074 1142 Lilsraa
1082 1079 1258 1161 Amplitudi-

113 1183 159 1245 nis
171 1191 229 1244 tua
240 1181 298 1242 diei
313 1193 330 1242 8
342 1180 479 1262 praeteriti
492 1181 602 1242 mensis
611 1181 676 1260 julii
690 1187 889 1261 pervenerunt
902 1173 941 1240 ad
954 1195 1072 1240 sacram
1086 1176 1256 1258 Congrega-

113 1281 226 1343 tionem
242 1278 417 1359 deputatam
432 1297 521 1360 super
534 1278 660 1359 negotiis
671 1297 838 1361 suppressa
849 1276 999 1340 societatis
1014 1278 1085 1339 Jesu
1096 1284 1256 1358 postquam

113 1375 324 1436 Sanctissimus
345 1375 489 1436 Dominus
509 1383 621 1448 noster,
642 1375 782 1438 curanda
798 1371 975 1437 valetudinis
988 1393 1097 1451 eausa,
1119 1372 1256 1435 intermi-

113 1480 192 1534 serat
205 1480 363 1534 ccnsuetas
375 1472 549 1535 audientias.
563 1472 660 1535 Dilata
672 1473 785 1536 idcirco
799 1481 845 1535 est
858 1472 896 1535 ad
908 1473 986 1535 hanc
998 1493 1093 1554 usque
1105 1471 1184 1535 diem
1198 1493 1258 1536 res-

113 1571 236 1650 ponsio,
253 1576 286 1631 ut
296 1571 373 1636 ratio
384 1571 577 1653 inveniretur,
587 1572 671 1656 prins
685 1570 861 1658 consulendi
871 1571 1066 1636 Sanctitatenr
1079 1573 1182 1656 Suam.
1195 1574 1258 1635 Ve-

112 1667 157 1731 nit
167 1666 289 1730 tandem
301 1670 436 1747 occasio,
452 1679 484 1732 et
495 1672 705 1734 sanctissimus
717 1671 840 1734 laudato
855 1671 993 1753 prudenti
1010 1668 1132 1733 consilio
1147 1671 1258 1751 Ampli-

113 1765 224 1828 tudinis
243 1775 300 1828 tua
309 1812 318 1843 ,
333 1767 464 1848 quinque
479 1768 611 1850 expediri
623 1768 713 1848 jussit
732 1768 890 1850 requisitas
906 1769 1008 1831 literas
1027 1767 1057 1830 in
1071 1766 1168 1830 forma
1182 1771 1257 1830 Bre-

113 1861 173 1938 vis,
184 1860 231 1923 his
242 1862 352 1924 nostris
368 1862 544 1942 adjunctas;
560 1865 707 1946 pleneque
718 1865 881 1929 committit
892 1863 1031 1946 prudenti
1044 1862 1166 1927 arbitrio
1180 1855 1259 1925 Am?

113 1961 265 2043 plitudinis
276 1968 351 2040 tua,
367 1969 400 2023 ut
411 1963 505 2043 possit
516 1962 581 2025 illas
599 1963 701 2025 statim
717 1969 911 2044 praesentare,
925 1961 972 2023 vel
985 1958 1123 2040 evulgata
1138 1959 1257 2022 illarum

113 2059 234 2136 notitia,
246 2058 505 2139 presentationem
522 2059 641 2122 differre
654 2105 663 2138 ,
676 2078 833 2140 quousque
846 2076 932 2140 spem
943 2053 1054 2119 habere
1068 2057 1178 2138 poterit
1185 2102 1195 2135 ,
1205 2070 1257 2117 re·

112 2155 239 2218 vocandi
260 2156 299 2218 ad
312 2153 412 2219 officia
425 2156 565 2219 suavibus
584 2157 805 2220 hortationibus
825 2154 990 2237 Episcopos
1004 2153 1256 2231 Posnanienscm,

112 2266 142 2319 et
148 2255 679 2335 Vilnensemdransmittimusetiam
686 2254 724 2318 ad
732 2251 968 2336 amplitudinem
978 2259 1063 2315 tuam
1079 2249 1255 2332 Epistolium

113 2356 291 2438 infrascripti
318 2358 354 2418 D.
375 2354 532 2418 secretarii
555 2353 635 2416 circa
661 2359 793 2415 mentem
823 2344 1008 2415 sanctissimi
1030 2367 1121 2431 super
1139 2347 1259 2427 juribus

113 2451 282 2533 principum
297 2432 473 2535 disponendi
490 2450 626 2513 debonis
639 2466 803 2531 suppressae
814 2446 979 2524 societatis3
996 2445 1076 2528 quod
1089 2450 1190 2508 tamen
1200 2464 1257 2529 pro

113 2552 177 2632 eius
187 2551 293 2613 notitia
305 2551 465 2626 deserviet,
479 2549 532 2612 scd
543 2547 616 2610 nulli
626 2544 820 2629 pandendum
831 2543 905 2615 erit,
918 2542 1077 2624 minusque
1087 2539 1117 2603 in
1135 2543 1258 2624 propria
1325 2536 1330 2545 '

113 2647 301 2711 tradendum.
323 2649 422 2712 Etiam
446 2645 680 2710 Eminentissimi
700 2646 803 2706 Patres
825 2656 1018 2722 summopere
1043 2635 1257 2702 commendant
1356 2689 1358 2694 .

113 2745 208 2806 zelum
218 2792 226 2822 ,
238 2755 269 2807 et
279 2746 462 2826 diligentiam
473 2742 669 2826 Amplitudini
690 2748 766 2819 tuae,
780 2748 811 2803 et
822 2734 985 2803 nnseidern
997 2736 1097 2804 omnia
1110 2738 1207 2804 fausta
1220 2759 1257 2803 er

113 2843 203 2905 corde
216 2862 375 2924 precamur
389 2864 408 2905 a
421 2844 560 2904 Domino.

192 2959 403 3041 Amplitudinis
417 2961 488 3022 Tua

568 3032 810 3098 studiosissimus
821 3032 864 3095 uti
876 3032 979 3095 Frater

794 3164 830 3217 Α.
850 3163 1038 3218 Cannmmrs
1056 3161 1218 3218 Cossium.

788 3260 822 3315 V.
841 3261 1052 3330 Minusculos,
1071 3264 1254 3319 secretarius.

592 3384 771 3397 Μ

621 3485 750 3561 cocti.

818 3643 916 3704 Roma,
932 3641 959 3691 17
973 3639 1113 3704 septenum
1124 3642 1191 3691 tm.

153 3752 341 3811 Peritlnstrts
364 3755 392 3811 ct
415 3749 658 3810 remrcndrsstrto
682 3748 810 3809 Domine
834 3753 881 3810 ati
901 3748 1019 3810 Frater.
1033 3749 1104 3809 Post
1116 3751 1255 3826 acceptas

113 3844 213 3908 literas
224 3846 436 3927 amplitudinis
447 3853 505 3908 tun
521 3843 581 3907 diei
595 3855 633 3906 ιο
646 3844 786 3926 preteriti
799 3844 912 3906 mensis
929 3844 1000 3906 lulli
1010 3889 1019 3921 ,
1031 3861 1137 3906 earum
1148 3842 1254 3905 ralatio

113 3940 213 4002 statim
232 3941 294 4001 fieri
319 3961 379 4003 non
403 3942 501 4022 potuit
519 3939 709 4002 Sanctissimo
725 3940 853 4004 Domino
866 3946 986 4021 nostro,
1005 3941 1057 4023 qui
1079 3939 1255 4003 valetudinis

113 4057 203 4101 causa
225 4039 422 4101 intermiserat
445 4045 602 4102 consuetas
625 4039 792 4101 audientias
797 4063 808 4116 3
840 4039 893 4102 sed
920 4038 992 4101 data
1013 4036 1251 4122 opportunitate,

112 4136 177 4213 ejus
191 4135 347 4197 oraculum
359 4137 537 4216 exquisitum
550 4134 624 4215 init,
638 4137 906 4200 etelementissime
922 4137 1128 4218 dignatusest,
1140 4133 1253 4213 Ampli-

115 4234 227 4295 tudinis
245 4241 302 4295 tue
316 4251 376 4294 nnn
390 4233 504 4313 minus,
517 4253 610 4315 quam
621 4235 762 4316 Episcopi
776 4235 957 4296 Varmiensis
969 4233 1064 4295 zelum
1077 4237 1107 4292 et
1125 4230 1252 4310 diligen-

112 4330 186 4391 tiam
206 4324 436 4406 commendare,
457 4330 539 4410 quod
558 4339 588 4393 et
606 4331 703 4394 eidem
720 4332 864 4412 episcopo
884 4336 989 4391 notum
1020 4328 1083 4389 lieri
1102 4334 1197 4409 optat,
1219 4338 1251 4390 ut

111 4432 231 4506 gratum
242 4426 375 4490 animum
388 4423 557 4490 sanctitatis
577 4448 637 4490 suae
653 4433 824 4507 eognoscat.
846 4425 993 4486 Articulos
1006 4424 1096 4486 etiam
1117 4445 1186 4486 curn
1203 4424 1251 4485 in-

44 4579 53 4593 ,
113 4524 272 4602 telligenlia
285 4523 495 4605 amplitudinis
503 4530 560 4586 tua
573 4524 746 4588 ellormatos
757 4523 914 4604 approbat,
927 4530 957 4585 et
971 4523 1084 4602 laudat,
1096 4531 1129 4587 ut
1139 4523 1249 4586 scilicet
