3194 5354
495 483 675 537 EPlSTOLAE
695 484 745 544 ΕΤ,
755 484 887 537 Bnuvrr
908 455 1141 540 SELEC'l'IORA.
1337 493 1388 542 att

242 588 476 650 secundissimos
499 589 655 649 carissimo
676 588 707 649 in
721 589 837 649 Christo
858 588 919 649 filio
931 597 1034 650 nostro
1054 589 1193 670 cupimus
1208 609 1391 654 rerumom-

242 685 328 746 nium
341 703 463 761 cursus,
480 703 536 746 suo
549 684 661 746 coelesti
682 685 820 766 praesidio
833 693 916 747 ratos
928 704 963 747 ac
977 687 1080 749 lirmos
1099 706 1163 749 esse
1176 689 1248 751 velit
1264 690 1302 751 ad
1317 692 1390 752 reli-

243 784 357 863 gionis,
372 784 570 864 Ecclesiaeque
583 784 820 861 incrementum,
833 791 863 845 et
877 783 915 844 ad
925 782 1249 848 florentissimoetiallie
1260 787 1389 850 nationis

244 881 411 943 utilitatem.

712 1102 921 1174 CCLXXVll.

506 1270 672 1314 crsrssme
694 1272 728 1313 rrr
752 1269 882 1311 casrsro
905 1268 986 1312 rimo
1005 1269 1122 1311 uosruo

332 1374 499 1437 rossano
521 1377 560 1436 IN
581 1376 831 1437 ROMANORUM
850 1375 1133 1436 IMPERATOREM
1153 1374 1298 1436 ELECTO
1361 1433 1381 1443 „

550 1498 784 1578 CLEMENS
811 1501 939 1576 ΡΑΡΑ
967 1499 1073 1575 XIV.

1018 1649 1114 1705 Rome.
1126 1653 1155 1697 29
1163 1647 1222 1707 iunii
1240 1652 1305 1698 1774.

282 1758 461 1825 Carisstme,
485 1763 541 1816 etc.
562 1754 729 1816 Incredibili
745 1754 879 1836 prolecto
893 1753 1055 1834 llagramus
1068 1753 1167 1815 studio
1192 1761 1225 1815 ut
1244 1773 1336 1834 quern
1349 1774 1386 1816 ex

237 1842 323 1912 more
334 1851 688 1930 institutoquemajorum
696 1850 839 1912 universis
850 1849 1091 1912 christifidelibus
1101 1850 1262 1913 indiximus
1271 1871 1385 1914 annum

236 1955 392 2024 sanctum,
412 1965 524 2008 annum
541 1947 683 2008 nimirum
702 1947 883 2009 remissionis
894 1953 925 2008 et
939 1947 1044 2022 veniae,
1067 1948 1197 2009 eundem
1216 1949 1309 2011 Nobis
1328 1969 1385 2030 per

239 2062 391 2106 summam
405 2043 622 2118 celebritatem,
637 2043 856 2105 confluentibus
870 2043 1001 2123 undique
1013 2045 1042 2105 in
1059 2045 1170 2106 almam
1185 2045 1264 2106 banc
1277 2047 1384 2110 urbem

236 2145 371 2224 populis,
392 2144 572 2224 piommque
586 2160 712 2222 operum
735 2141 923 2204 emulatione
944 2144 1036 2204 olleo
1049 2140 1294 2222 propitiationem
1312 2162 1383 2206 cum

236 2241 376 2302 Ecclesiae
387 2239 640 2320 indulgentiarum
655 2240 804 2302 thesauris
822 2240 965 2320 consequi
985 2240 1205 2319 satagentibus,
1220 2242 1384 2322 transigere

235 2332 336 2397 divina
346 2337 528 2416 benignitate
541 2336 706 2415 contingat.
719 2339 789 2410 Quae
802 2336 875 2398 dum
889 2336 991 2398 animo
1004 2335 1122 2398 assidue
1135 2354 1303 2417 versamus,
1318 2357 1383 2400 om·

153 2429 155 2433 ’
234 2434 355 2516 niaque,
369 2454 436 2516 que
448 2435 487 2496 ad
500 2436 566 2514 ejus
579 2434 724 2515 temporis
737 2432 1005 2496 sanctificationem
1019 2433 1188 2512 augendam
1200 2434 1297 2496 lacere
1308 2454 1383 2516 pos-

233 2541 304 2595 sunt
315 2535 495 2614 cogitatione
513 2533 753 2615 complectimur,
771 2532 922 2613 praecipue
940 2531 978 2592 ad
999 2530 1254 2610 Angustissimum
1267 2532 1381 2612 Maies-

234 2637 327 2693 tatem
341 2633 438 2692 Tuam
450 2638 582 2693 mentem
599 2638 734 2693 nostram
749 2628 964 2704 convertimus,
977 2628 1113 2707 votisque
1133 2628 1273 2691 omnibus
1286 2636 1316 2692 te
1326 2649 1382 2692 ca-
1492 2689 1494 2694 .

233 2727 382 2788 rissimum
395 2729 425 2789 in
438 2729 555 2790 Christe
573 2728 670 2790 lilium
686 2733 824 2789 nostrum
841 2733 870 2786 te
883 2726 1052 2805 Principem
1070 2724 1228 2787 catholicae
1241 2720 1382 2790 Ecclesiae
1415 2720 1417 2726 ’

232 2830 394 2904 patronum
414 2843 448 2885 ac
468 2825 658 2887 defensorem
682 2825 720 2886 ad
740 2828 801 2886 Nos
822 2822 981 2898 accedere,
1004 2831 1093 2903 atque
1114 2822 1152 2885 ed
1171 2831 1306 2885 nostrum
1322 2844 1381 2906 pa-

231 2930 350 2983 ternum
363 2923 554 3001 complexum
575 2923 675 2983 venire
690 2929 879 3001 exoptamus.
897 2919 985 2981 Nulla
1005 2937 1137 2999 unquam
1160 2919 1189 2981 iu
1211 2921 1272 2981 vita
1288 2923 1380 2983 Nebis
1494 2971 1495 2974 ,

231 3023 316 3077 tanta
328 3016 463 3077 accidere
470 3016 644 3095 jucunditas
653 3022 762 3097 potest,
773 3016 855 3076 nulla
865 3033 913 3075 res
924 3015 999 3077 adeo
1012 3015 1159 3076 illustrare
1170 3015 1379 3094 pontificatum

231 3115 311 3175 bunc
325 3121 474 3190 nostrum,
489 3132 581 3195 quarn
594 3121 664 3175 tuus
683 3113 749 3189 iste,
762 3131 853 3192 quem
866 3113 968 3174 animo
981 3112 1170 3194 precipimus
1183 3132 1219 3175 ac
1229 3114 1376 3193 levemus,

230 3212 316 3290 cujus
334 3211 426 3272 Nobis
443 3213 572 3292 speciem
593 3229 712 3272 summa
727 3211 880 3290 voluptate
896 3210 1094 3291 proponimus
1115 3209 1271 3274 adventus.
1288 3215 1378 3276 Post-

229 3324 321 3385 quam
331 3307 432 3387 itaque
446 3327 500 3388 per
512 3309 585 3368 alias
599 3315 716 3368 nostras
728 3307 785 3368 sub
795 3306 921 3387 plumbo
936 3307 1051 3369 litteras
1066 3307 1105 3370 ad
1116 3326 1221 3371 omnes
1233 3310 1377 3373 christili-

229 3402 310 3465 deles
321 3403 418 3481 dates,
434 3405 651 3484 promulgatas,
670 3411 701 3464 et
713 3403 825 3484 publici
841 3404 918 3481 juris
938 3402 1035 3465 lectas
1053 3404 1176 3467 eosdem
1190 3405 1229 3468 ad
1248 3407 1376 3487 proximi

230 3502 298 3562 anni
323 3501 473 3564 millesimi
498 3500 752 3582 septingentesimi
780 3498 994 3580 septuagesimi
1021 3501 1117 3580 quinti
1143 3503 1376 3567 celebrationem

229 3596 435 3674 invitavimus,
456 3598 623 3679 peculiares
641 3598 730 3658 hasce
750 3597 780 3657 in
794 3597 900 3684 'torma
913 3596 1017 3657 Brevis
1037 3597 1074 3658 ad
1102 3605 1148 3674 te,
1171 3600 1323 3661 carissime
1344 3602 1374 3662 in
1484 3611 1486 3613 ’

228 3697 342 3760 Christo
363 3699 404 3760 fili
419 3706 531 3775 noster,
544 3696 652 3758 damus
663 3696 788 3770 litteras,
800 3692 911 3774 quibus
925 3693 955 3753 in
969 3693 1118 3774 singulare
1134 3696 1251 3775 paterni
1264 3699 1375 3759 amoris

227 3794 430 3857 testimonium
443 3803 473 3858 te
487 3793 666 3857 nominatim
684 3792 861 3868 invitamus,
874 3798 908 3852 ut
929 3793 984 3853 etsi
998 3799 1085 3854 antea
1106 3793 1213 3872 etiam,
1225 3795 1307 3876 quod
1319 3796 1373 3873 ju·
1457 3870 1464 3875 ⁷

226 3892 407 3954 cundissime
423 3893 618 3957 recordamur
630 3892 666 3954 ad
679 3891 850 3973 principum
863 3893 1068 3972 apostolorum
1082 3894 1187 3956 limina
1200 3896 1371 3973 accesseris,

227 4007 261 4048 ac
282 3990 412 4069 ingentia
425 3999 471 4052 tot
490 3992 745 4073 predecessorum
766 3998 889 4052 tuorum
904 3990 935 4052 in
953 3991 1010 4054 illis
1023 3993 1185 4074 conspicua
1199 3992 1318 4074 pietatis
1336 4011 1371 4052 ac

225 4087 375 4165 religionis
385 4086 506 4165 decora,
517 4091 715 4165 liberalitatis,
726 4089 942 4166 beneticentiae,
952 4096 982 4152 et
992 4091 1094 4170 gloriae
1103 4095 1299 4174 monumenta
1310 4106 1370 4150 non

223 4183 287 4244 sine
299 4203 418 4246 summa
433 4186 523 4247 animi
539 4188 582 4248 tui
600 4189 753 4268 voluptate
764 4186 967 4268 conspexeris,
983 4194 1083 4248 tamen
1096 4187 1205 4247 iterum
1217 4185 1274 4245 bac
1286 4185 1371 4264 spiri-

222 4284 311 4344 tualis
325 4285 394 4346 boni
414 4287 636 4365 opportunitate
650 4288 710 4348 buc
722 4295 751 4348 te
765 4286 912 4361 conferas,
927 4305 962 4346 ac
977 4305 1078 4346 sacras
1090 4284 1290 4361 indulgentias
1299 4283 1370 4344 ube

221 4378 292 4438 riori
304 4398 396 4459 quam
411 4397 545 4460 unquam
563 4392 633 4445 ante
651 4385 710 4445 boc
722 4392 841 4464 tempus
858 4383 947 4463 copia
960 4381 1160 4461 consequaris.
1175 4380 1293 4461 Optime
1311 4401 1367 4462 pro

221 4496 275 4538 sua
287 4478 433 4562 sapientia
447 4479 608 4559 intelligere
620 4484 760 4560 Maiestas
771 4485 955 4562 Trrapotrst,
968 4488 1081 4561 quanto
1092 4482 1155 4561 ipsa
1167 4480 1311 4543 adventus
1323 4483 1374 4550 tut
