3194 5354
332 474 366 525 24
760 468 963 524 clamamus
981 470 1043 524 XlV

330 572 556 653 Nobismetipsis
569 572 759 634 vehementer
771 574 969 652 gratulamur,
984 574 1035 654 qui
1047 591 1066 635 a
1078 579 1140 636 tarn
1155 574 1254 636 lausia
1264 574 1479 654 fortunataque

329 689 361 732 re
372 670 553 732 exordientis
562 669 753 750 pontificatus
763 671 862 732 Nostri
874 672 1007 752 crispicia
1018 672 1167 733 ducimus.
1180 672 1374 734 Gratulamur
1383 671 1477 736 etiarn

328 767 366 828 de
380 774 410 829 te
424 767 533 829 dilecto
545 767 607 828 lilio
617 766 709 827 nobili
729 765 795 828 viro
807 768 912 830 Carolo
923 768 1082 830 Theodoro
1095 770 1125 830 S.
1142 771 1179 830 R.
1193 771 1222 831 J.
1237 767 1367 848 Principi
1386 768 1476 830 Elec·

328 865 386 927 tori
410 864 546 927 Palatino
568 862 677 924 inclite
690 867 749 924 tuce
768 862 878 927 domus
892 864 1000 944 capiti,
1019 865 1106 945 eique
1126 864 1240 927 idcirco
1263 865 1394 930 maxime
1416 865 1476 926 ob-

327 962 449 1025 strictos
462 964 523 1024 Nos
537 979 602 1023 esse
616 960 803 1042 profitemur,
818 962 870 1042 qui
882 981 938 1042 pro
948 981 996 1040 ea,
1009 981 1070 1043 qua
1081 963 1172 1042 viget,
1185 962 1347 1044 sapientia,
1358 981 1475 1043 proque

328 1079 448 1122 summa
462 1059 493 1121 in
503 1061 598 1120 Deum
618 1058 748 1138 pietate,
770 1077 807 1121 ae
826 1059 982 1123 catholicae
994 1060 1145 1139 religionis
1159 1061 1259 1124 studio
1276 1061 1385 1123 divinae
1397 1061 1429 1122 in
1445 1067 1475 1123 te

327 1156 455 1237 Spiritus
469 1155 603 1218 afflatum
614 1154 826 1237 deprehendit,
840 1156 929 1235 levit,
941 1157 1093 1238 provexit,
1112 1176 1220 1238 opem,
1241 1176 1380 1239 operam,
1399 1177 1474 1238 prae

326 1259 404 1320 sidia
420 1258 540 1335 omnia,
555 1262 589 1318 ut
606 1262 636 1319 te
654 1256 693 1319 ad
705 1257 839 1320 veritatis
852 1258 954 1320 lumen
974 1258 1144 1335 induceret,
1166 1259 1312 1334 contulit,
1326 1264 1356 1319 et
1375 1258 1472 1321 cuitu

326 1358 536 1433 meritissimo,
558 1355 640 1438 quod
659 1362 814 1436 tarracinam
835 1376 854 1418 a
877 1362 975 1418 morte
988 1356 1028 1417 ad
1049 1356 1142 1417 vitam
1156 1362 1313 1418 revocatus
1332 1357 1389 1433 sit,
1403 1364 1473 1437 post

326 1459 431 1533 Deum,
443 1460 602 1534 acceptum
612 1450 803 1515 referendum
813 1470 879 1515 esse
890 1452 1055 1514 arbitraris.
1071 1451 1129 1514 Sed
1138 1453 1187 1514 eui
1198 1452 1343 1533 prolixius
1354 1471 1391 1514 ae
1399 1453 1472 1516 ube

325 1553 404 1631 rius,
415 1570 508 1634 quam
524 1551 581 1632 ipsi
597 1550 651 1612 tibi
671 1550 866 1629 gratulemur,
879 1550 986 1614 dilecte
999 1551 1041 1612 fili
1057 1551 1166 1613 nobilis
1186 1552 1244 1628 vir,
1265 1551 1296 1612 in
1312 1551 1399 1630 cujus
1417 1570 1472 1613 cor

323 1650 430 1713 divine
441 1648 544 1730 gratie
556 1664 658 1709 semen
678 1652 835 1727 tamquam
854 1648 885 1708 in
901 1652 1013 1709 terram
1026 1647 1138 1710 bonam
1152 1647 1280 1725 cecidit,
1295 1667 1332 1710 ac
1349 1665 1402 1710 eos
1415 1666 1471 1710 ex—

323 1747 393 1809 tulit
405 1747 537 1822 fruetus,
555 1744 606 1824 qui
616 1750 733 1806 aetemrae
747 1745 849 1809 salutis
860 1752 891 1807 et
902 1744 987 1807 initia
1000 1752 1100 1809 essent
1110 1753 1140 1809 et
1151 1747 1297 1827 pignora?
1308 1748 1420 1808 Verum
1431 1748 1471 1808 ad

322 1843 388 1905 hec
402 1841 655 1919 cumulatissima,
668 1860 735 1921 qum
750 1848 851 1904 tecum
865 1847 1051 1923 peragimus,
1064 1842 1273 1923 gratulationis
1291 1843 1393 1906 officia
1412 1863 1471 1924 pa÷

323 1947 416 2005 ternae
425 1941 516 2001 etiam
527 1937 707 2001 hortationis
728 1939 929 2000 accessionem
941 1938 1005 1999 lieri
1017 1940 1172 2016 volumus,
1187 1957 1249 2019 qua
1262 1940 1392 2000 maxime
1409 1959 1427 2001 a
1440 1948 1471 2003 tc

323 2034 534 2096 contendimus
546 2052 581 2095 ac
594 2029 781 2113 flagitamus,
799 2040 832 2095 ut
847 2034 877 2094 in
889 2040 1029 2114 suscepta
1041 2035 1198 2097 vocatione
1215 2053 1276 2096 non
1290 2036 1389 2097 solum
1402 2055 1471 2117 per·

321 2151 460 2210 maneas,
476 2131 530 2193 sed
544 2138 578 2192 ut
589 2130 727 2192 eamdem
750 2130 841 2192 etiam
865 2148 1020 2211 nunquam
1035 2132 1202 2213 intercepto
1223 2133 1351 2194 coelestis
1367 2134 1471 2213 gratiae

322 2250 413 2306 eursu
421 2276 429 2308 ,
442 2247 562 2291 morum
571 2228 746 2304 honestate,
762 2226 921 2289 sanctitate
935 2227 1018 2305 vitae,
1030 2246 1065 2291 ae
1079 2228 1224 2291 virtutum
1234 2230 1369 2293 omnium
1380 2231 1471 2296 laude

322 2335 352 2388 et
373 2327 530 2408 splendore
548 2326 738 2407 comprobes.
762 2327 814 2388 Est
836 2327 928 2389 etiam
948 2327 1041 2390 animi
1061 2329 1105 2390 tui
1125 2328 1301 2409 generisque
1322 2329 1468 2393 nobilitati

322 2425 408 2485 valde
421 2431 656 2485 consentaneum
664 2467 673 2498 ,
688 2423 712 2482 si
731 2421 762 2482 in
773 2423 903 2503 suseepti
915 2422 1007 2485 semel
1019 2424 1134 2493 consilii
1145 2426 1261 2491 ratione
1277 2444 1471 2506 perseverans

323 2522 478 2582 ‹ratbolieae
491 2520 641 2599 religionis
654 2518 772 2580 tuendae
783 2521 1056 2603 promovendaeque
1077 2542 1170 2605 opera
1181 2531 1266 2585 tuam
1286 2525 1419 2587 declares
1438 2525 1470 2587 in

322 2619 472 2680 eredendo
487 2616 663 2697 agendoque
678 2617 890 2678 constantiam.
907 2619 968 2680 Nos
983 2626 1063 2681 certe
1074 2640 1130 2700 pro
1144 2621 1274 2701 plurimo
1294 2628 1426 2702 paternae
1438 2623 1469 2684 in

321 2724 351 2777 te
362 2716 496 2778 caritatis
509 2715 609 2777 ollicio
622 2720 801 2795 perpetuum
814 2715 867 2775 tibi
885 2735 903 2776 a
920 2718 1193 2781 misericordiarum
1207 2725 1294 2799 patre
1308 2738 1361 2800 per·
1377 2720 1470 2781 obse-

321 2814 470 2876 crationes
489 2819 607 2874 nostras
627 2812 800 2894 praesidium
814 2813 975 2895 implorare
994 2834 1149 2896 nunquam
1159 2800 1415 2893 intermittemus,
1431 2837 1469 2878 ae

319 2913 422 2975 orrrnia
432 2912 595 2975 Pontifieim
605 2913 710 2994 gratiae
721 2913 892 2975 testimonia
900 2913 1049 2975 nobilitati
1059 2920 1118 2975 tuae
1130 2932 1167 2974 ex
1178 2914 1278 2975 animo
1287 2911 1466 2992 deferentes,

318 3030 415 3092 rumne
429 3012 504 3092 ipsa,
517 3011 541 3073 si
555 3010 627 3091 quid
641 3009 761 3072 ablobis
770 3029 846 3090 opus
857 3010 926 3088 erit,
942 3009 1138 3074 libentissime
1149 3010 1369 3087 confirmaturi,
1381 3031 1468 3092 apos-

318 3111 439 3172 tolicam
448 3110 688 3172 benedictionem
700 3128 792 3189 quam
807 3110 860 3171 tibi
875 3110 1024 3189 primum,
1041 3109 1149 3171 dilecte
1167 3109 1208 3170 fili
1222 3108 1330 3171 nobilis
1342 3108 1397 3186 vir,
1409 3129 1467 3190 pe-

318 3213 469 3268 ramanter
484 3207 682 3285 impertimur,
703 3206 843 3286 cupimus
856 3223 921 3269 essa
933 3205 1043 3268 divine}
1065 3206 1097 3266 in
1111 3213 1141 3266 te
1154 3206 1345 3286 benignitatis
1362 3207 1467 3287 auspi-

318 3322 404 3379 cem,
420 3308 453 3362 ut
464 3309 510 3362 est
522 3309 631 3364 nostrae
645 3322 681 3363 ac
696 3303 866 3383 apostoliae
880 3300 974 3383 huius
985 3302 1068 3365 sedis
1081 3303 1238 3384 singularis
1252 3304 1466 3367 benevolentiae

320 3407 541 3479 argumentum.
557 3404 668 3462 Datum
679 3402 779 3463 Romae
786 3447 796 3478 ,
809 3409 880 3481 ete,
891 3404 942 3464 die
955 3412 972 3462 9
985 3403 1159 3482 septembris
1178 3406 1467 3483 componimento

318 3504 410 3560 nostri
425 3517 506 3567 nano
518 3503 628 3576 primo.
656 3503 670 3538 ⁰

811 3707 963 3778 xxvlll.

657 3874 788 3922 alaneio
810 3874 893 3917 1²1L10
916 3876 1025 3925 nonani
1047 3876 1120 3917 vnto

485 3989 633 4050 999090
654 3990 863 4051 THEODORO
883 3991 975 4051 Dllcl
996 3990 1289 4062 sULTzssacnnsr,

428 4104 539 4152 eoum
565 4106 718 4154 numrruo
740 4105 838 4154 neem
860 4108 884 4153 s.
909 4107 936 4153 ιι.
963 4106 986 4152 ι.
1012 4107 1151 4154 ruruerrr
1176 4109 1343 4165 nunonem,

621 4219 857 4314 CLEMENS
884 4222 1011 4297 ΡΑΡΛ
1044 4221 1150 4299 XlV.

1013 4383 1113 4438 llomae,
1129 4385 1144 4430 9
1160 4380 1300 4445 septembris
1314 4383 1382 4428 1769.

352 4471 486 4557 Diteete,¹
505 4484 560 4537 ele.
578 4478 621 4536 Ex
635 4473 746 4555 quoad
762 4476 1271 4558 SmnrniPontificatusdignitatem
1286 4477 1380 4539 erecti
1399 4475 1461 4537 lui-
