3194 5354
672 496 875 553 66666666
895 495 958 549 xlv

792 635 847 703 Vl.

687 798 831 840 bruncrrs
855 770 948 837 siuns

244 931 282 973 Ac
307 932 443 973 oltecrls
468 932 499 971 In
516 927 643 970 elrulsro
666 929 829 986 elstanus,
846 925 1082 970 cournnrnlnlls
1101 924 1137 966 ET
1152 925 1389 970 consououlsus
1461 926 1464 932 '

319 1035 448 1094 llltGlAE
469 1030 696 1093 socrurarls‘
710 1030 896 1091 mannum
918 1029 968 1089 DE
988 1026 1140 1088 snlnrru
1161 1027 1311 1088 SANCTO

535 1151 792 1202 nnscurxronuu
805 1152 864 1200 sun
882 1149 1094 1200 ruvocxrrorr.
1148 1170 1150 1176 ·

241 1264 368 1316 sauma:
384 1263 494 1313 uanis
507 1262 632 1312 666166
645 1262 831 1310 sancroauu
844 1261 972 1308 ounnm
985 1258 1142 1307 crvrrxrrs
1161 1257 1388 1307 6666666666.

551 1374 785 1452 6666666
814 1377 938 1451 exea
971 1374 1076 1451 xxv.
1150 1464 1153 1468 Α

1029 1545 1121 1600 Itone,
1135 1546 1164 1591 ³0
1178 1539 1238 1601 junll
1254 1543 1322 1589 1719.

280 1653 480 1730 Dilectifilli,
497 1670 532 1711 oc
549 1653 668 1713 (1116616
682 1656 713 1711 ln
734 1652 852 1713 Christo
865 1653 945 1728 sillae
958 1652 1105 1718 salutem,
1120 1654 1178 1708 etc.
1199 1645 1276 1707 Nihil
1295 1644 1389 1707 Nobis

241 1749 399 1825 gratiosae
409 1748 572 1826 jucundius
583 1748 723 1809 obvenire
735 1747 951 1821 existimamus,
963 1764 1054 1827 quam
1064 1763 1134 1808 cum
1145 1743 1309 1823 accipimus
1319 1743 1386 1824 pias

241 1846 395 1926 utriusque
410 1865 498 1907 sexus
519 1844 755 1907 christifidelium
779 1843 952 1906 sodalitates
973 1842 1084 1923 uquue
1103 1849 1251 1903 terrarum
1270 1848 1388 1904 erectas

242 1943 277 2002 iis
292 1942 411 2022 pietatis
424 1943 615 2022 caritatisque
630 1940 770 2021 operibus
788 1947 818 2001 et
838 1939 1102 2002 exercitationibus
1113 1937 1248 2000 sedulam
1263 1956 1387 2019 operam
1418 2018 1425 2027 ⁸

242 2041 324 2116 dare,
338 2040 447 2121 quibus
458 2048 487 2101 et
500 2041 538 2101 ad
551 2041 705 2121 propriam
719 2042 863 2121 cujusque
878 2040 988 2101 sodalis
1006 2047 1151 2101 aternam
1168 2038 1388 2100 6616166666-

241 2138 437 2219 sequendam,
452 2142 540 2219 atque
553 2139 618 2199 aliis
629 2137 870 2201 christifidelibus
881 2136 1103 2218 procurandam
1114 2135 1293 2198 excitantur.
1309 2138 1387 2210 Quo·

240 2237 321 2298 niam
342 2243 459 2313 autem,
482 2236 559 2297 sicut
579 2235 671 2297 Nobis
691 2254 786 2318 nuper
806 2237 914 2318 exponi
939 2237 1074 2299 fecerunt
1098 2236 1196 2297 dilecti
1219 2234 1388 2315 1111116666

239 2335 338 2414 Scipio
347 2333 580 2413 Pigala,loseph
592 2334 764 2410 Persico,et
774 2333 908 2396 Andreas
917 2333 1064 2396 Sabattini
1076 2332 1211 2395 moderni
1220 2330 1387 2393 sodalitatis

241 2438 346 2491 vestrae
360 2430 528 2511 superiores
542 2430 601 2489 sire
615 2431 840 2508 gubernatores,
856 2431 917 2493 sive
930 2430 1084 2507 officiales,
1100 2430 1165 2511 ipsa
1180 2437 1278 2491 vestra
1293 2429 1387 2491 soda-

241 2527 309 2587 litas
320 2543 512 2606 summopere
523 2530 660 2603 exoptat,
678 2532 712 2586 ut
726 2527 785 2586 Nos
798 2545 917 2607 quoque
928 2544 990 2588 non
1008 2527 1107 2588 solum
1119 2532 1256 2588 nostmm
1275 2543 1385 2587 nomen

240 2624 339 2685 eidem
352 2622 501 2684 sodalitati
519 2620 645 2682 adscribi
661 2623 822 2702 patiamur,
833 2641 936 2689 verum
948 2624 1040 2686 etiam
1052 2625 1214 2686 oaelestIum
1226 2642 1385 2686 munemm

241 2721 398 2782 thesauros
424 2720 494 2780 viris
516 2718 716 2781 confratribus
742 2721 898 2784 dumtaxat
917 2738 972 2802 per
992 2721 1041 2784 161.
1064 2740 1124 2783 rec.
1153 2721 1386 2802 praedecessores

240 2827 359 2880 nostros
370 2819 547 2899 Gregorium
562 2836 673 2898 papam
688 2820 754 2880 XIII
770 2827 800 2882 et
812 2821 992 2883 Clementem
1007 2822 1073 2882 VIII
1087 2821 1220 2901 aliosque
1234 2822 1386 2882 Romanos

240 2918 398 2979 Pontifices
417 2917 490 2978 alias
510 2916 650 2996 elargitus
663 2916 701 2977 ad
719 2917 842 2981 dilectas
856 2919 886 2979 in
903 2917 1019 2979 Christo
1036 2917 1113 2979 filias
1126 2917 1260 2996 ejusdem
1272 2919 1386 2980 sodali-

239 3017 308 3079 tatis
320 3034 497 3078 consorores
511 3015 670 3084 extendere
684 3016 887 3096 dignaremur.
902 3019 962 3079 Nos
974 3017 1075 3098 itaque
1089 3014 1198 3097 quibus
1210 3034 1384 3097 supremum

242 3115 423 3175 sacrosancti
437 3114 739 3195 apostolatusmunus
753 3134 806 3197 per
819 3114 1000 3178 ineffabilem
1015 3114 1122 3175 divinar
1134 3113 1276 3174 bonitatis
1292 3114 1385 3173 abnn-

240 3211 374 3270 ‹lantiam
387 3211 572 3289 impositum,
586 3220 615 3271 et
627 3213 720 3273 totius
731 3212 885 3275 catholieae
897 3212 1030 3272 ecclesiae
1045 3228 1118 3271 cura
1132 3209 1313 3271 demandata
1326 3218 1383 3287 est,

240 3307 444 3387 maximopere
457 3307 621 3386 gaudentes
645 3309 702 3388 piis
721 3316 887 3370 vestrarum
912 3309 991 3389 apud
1014 3310 1249 3389 omnipotentem
1271 3310 1383 3379 Deum,

240 3411 330 3484 61666
351 3403 555 3465 beatissimam
576 3405 729 3484 VIrginem
752 3406 877 3467 Mariam
902 3405 1126 3468 immaculatam
1142 3406 1383 3470 obsecrationum

241 3500 390 3582 sulibagiis
411 3501 572 3584 participes
592 3503 672 3582 lieri,
696 3504 862 3585 vestrisque
886 3504 994 3586 optatis
1015 3504 1235 3582 obsecundare,
1257 3505 1385 3568 libenter

239 3609 397 3670 annuimus
416 3614 552 3669 nostrum
572 3625 682 3670 nomen
697 3606 794 3670 eidem
809 3608 956 3670 sodalitati
976 3618 1079 3672 vestrae
1100 3610 1190 3688 dare,
1209 3619 1297 3693 61666
1307 3612 1384 3674 inter

239 3705 403 3769 confratres
415 3706 579 3768 numerari.
596 3709 671 3768 Fore
681 3707 761 3768 enim
774 3707 804 3768 in
816 3706 942 3768 Domino
954 3707 1149 3786 confidimus,
1168 3709 1384 3790 6166166666-

186 3817 188 3821 ·
239 3804 319 3864 tibus
333 3805 446 3864 meritis
459 3805 657 3887 precibusque
672 3807 776 3867 restris
788 3824 840 3882 ca,
853 3824 913 3886 qua
927 3806 1033 3885 maiori
1046 3812 1162 3886 potest,
1173 3806 1382 3873 sollicitudine.

238 3920 312 3962 cura
330 3908 360 3960 et
379 3900 529 3978 vigilantia
548 3903 747 3964 mtnisterium
767 3911 901 3964 nostrum
928 3904 1124 3985 apostolicum
1148 3903 1310 3985 adlmplere
1328 3925 1384 3966 ra-

239 3998 364 4060 Ieamus.
391 3999 535 4059 Praeterea
545 4001 609 4079 pari
624 4001 788 4081 apostolica
809 4002 989 4081 benignitate
1006 4010 1036 4062 ct
1049 4003 1236 4079 auctoritate,
1255 4005 1383 4086 quibus-

239 4115 367 4176 cumque
382 4096 539 4158 contrariis
556 4116 615 4159 non
633 4099 840 4177 obstantibus,
859 4119 963 4161 omnes
980 4107 1010 4160 et
1027 4101 1157 4180 singulas
1171 4102 1381 4181 indulgentias,

239 4203 430 4272 peecatorum
440 4193 642 4271 remissiones,
654 4215 866 4277 poenarumque
878 4197 1086 4275 relaxatIones,
1097 4219 1173 4280 6666
1187 4200 1257 4260 viris
1266 4198 1383 4261 confra-

238 4291 333 4350 lribns
348 4299 450 4354 vestra
470 4291 635 4355 sodalitatis
652 4295 809 4357 dumtaxat
824 4295 936 4356 laudati
951 4295 1183 4375 predecessores
1199 4295 1291 4357 nostri
1306 4315 1383 4358 con-

239 4395 401 4465 cesserunt,
416 4391 454 4451 ad
466 4391 589 4452 dilectas
603 4392 715 4472 pariter
728 4393 757 4453 in
772 4393 889 4453 Christo
905 4392 982 4454 filias
996 4411 1172 4456 consorores
1182 4393 1380 4471 extendimus,

239 4486 413 4550 beelamon
435 4490 621 4567 conditione,
644 4499 676 4552 ut
698 4511 767 4553 cum
786 4491 924 4571 quaelibet
946 4511 981 4553 ex
1000 4495 1211 4556 consororibus
1233 4513 1269 4555 ea
1289 4511 1381 4573 opera
