3194 5354
479 504 663 560 epistotae
679 503 723 559 ET
742 504 873 559 suuvtn
894 502 1129 561 SELECTIORA.
1332 512 1380 561 45

229 611 364 686 teritos,
380 627 415 670 ac
426 609 558 670 eumdem
575 608 763 671 amissimum
781 609 812 669 in
831 608 948 670 Christo
962 610 1058 671 illium
1072 615 1210 693 nostrdm
1223 609 1380 691 singularis

229 708 332 788 gratia
353 709 463 770 amoris
482 708 661 789 pietatisque
678 710 867 789 conjunctio,
882 710 988 772 eadem
1004 709 1102 791 magis
1122 709 1153 772 in
1165 698 1229 772 dies
1243 713 1378 791 consilio,

230 807 331 870 studio
356 815 445 889 atque
467 823 562 890 opera
583 813 638 869 tua
653 807 847 889 provehatur.
866 810 931 882 Quo
951 807 1094 889 preclaro
1114 824 1186 869 sane
1211 805 1312 873 oldcio
1324 818 1379 874 tuo

229 903 810 988 tnecprepietatimuximeoonsentaneo
819 906 969 967 mimmic
979 906 1231 986 modum‘ethanc
1243 897 1379 970 sanctam

229 1005 333 1067 sedem
346 1003 504 1084 demereri,
517 1009 713 1086 etpaternam
722 1011 858 1065 nostram
867 1003 1029 1085 plurimam
1039 1005 1069 1066 in
1078 1012 1124 1083 te,
1137 1011 1226 1087 atque
1239 1005 1379 1068 eximiam

229 1100 467 1164 benevolentIam
482 1099 667 1183 amplificare
687 1116 811 1182 perges,
826 1101 856 1162 in
871 1101 957 1181 cuins
969 1101 1169 1164 certissimum
1181 1101 1290 1183 pignus
1305 1102 1377 1179 tibi,

229 1199 337 1262 dilecte
351 1200 392 1262 iili
407 1199 515 1263 nobilis
526 1200 582 1279 vir,
599 1198 794 1281 apostolicam
808 1197 1047 1261 benedictionem
1058 1205 1251 1280 peramanter
1264 1199 1380 1281 impar-

228 1296 330 1376 timur.
353 1300 467 1360 Datum
491 1299 602 1370 Romo,
624 1305 699 1373 etc,
722 1299 773 1358 die
797 1301 937 1380 saprtlis
961 1309 1053 1375 1770,
1070 1300 1264 1377 pontificatus
1283 1305 1378 1360 nostri

227 1413 306 1456 anno
317 1400 425 1473 primo.

726 1604 870 1675 LXVIII.

485 1761 650 1805 cantssuto
673 1760 707 1802 IN
730 1760 863 1803 cantaro
885 1760 972 1803 FILIO
995 1761 1114 1804 noscito

378 1870 546 1929 tossrflo
566 1869 852 1931 PORTUGALLIAE
871 1869 920 1928 ET
941 1868 1222 1929 ALGARBIORUM
1294 1876 1295 1881 ’

657 1993 731 2040 neor
748 1992 946 2067 rrofflssmo

534 2083 768 2176 CLEMENS
796 2099 924 2175 PAPA
952 2097 1058 2173 XIV.

1008 2250 1105 2312 tuna,
1120 2263 1133 2303 s
1146 2254 1229 2316 aptita
1243 2259 1311 2304 177⁰.

266 2362 440 2431 carissime,
455 2366 512 2420 etc.
524 2358 616 2440 ltegia
627 2361 766 2439 Maiestas
777 2363 922 2424 Tuscum
935 2379 992 2443 pro
1005 2360 1148 2442 singulari
1163 2377 1218 2422 sua
1229 2360 1375 2442 sapientia

224 2455 409 2518 Venerabilis
419 2457 532 2519 Fratris
542 2459 667 2520 loannis
677 2459 894 2541 archiepiscopi
905 2459 1066 2522 Eborensis
1087 2458 1221 2521 anImum
1233 2459 1270 2522 iis
1284 2479 1374 2524 exor-

224 2554 287 2614 nari
309 2554 468 2616 virtutibus
484 2553 615 2633 videret,
630 2574 696 2637 qua
712 2563 888 2638 opportuno
902 2556 1033 2619 maxime
1047 2561 1146 2618 essent
1164 2555 1203 2616 ad
1220 2557 1375 2620 sustinen-

223 2649 296 2712 dum
308 2651 456 2731 munatio
468 2653 500 2713 in
512 2653 571 2716 isto
581 2669 674 2735 agno
688 2655 875 2737 inquisitoris
885 2671 1007 2734 munus,
1020 2671 1052 2717 se
1062 2653 1254 2716 vehementer
1261 2672 1373 2737 cupere

224 2748 401 2828 significavit
414 2751 523 2828 Nobis,
537 2760 571 2814 ut
589 2751 674 2814 iilum
687 2753 725 2816 ad
738 2759 894 2817 vacantem
915 2768 998 2814 nnnc
1013 2757 1084 2813 eam
1095 2751 1282 2832 provInciam
1299 2771 1375 2816 anc-

224 2847 346 2910 toritate
373 2851 539 2931 apostolica
565 2868 824 2931 promoveremus,
844 2856 876 2910 et
894 2848 1155 2911 confirmaremus.
1178 2850 1240 2909 Nos
1274 2849 1375 2930 itaque

223 2964 279 3027 pro
293 2947 413 3025 cumis,
427 2949 530 3028 quain
543 2953 573 3010 te
583 2964 687 3010 snmus
698 2936 823 3009 caritme
833 2993 840 3023 ,
852 2954 968 3026 quanta
979 2944 1113 3006 maxima
1125 2961 1375 3025 possumuspon-

224 3043 321 3105 titiciae
338 3041 502 3105 voluntatis
514 3045 714 3126 propensione
733 3045 833 3106 studia
850 3051 904 3103 tua
921 3047 1153 3123 prosequentes,
1174 3038 1325 3102 carissime
1345 3044 1374 3105 io

222 3139 341 3201 Gluisto
362 3139 404 3200 lili
424 3147 542 3218 noster,
557 3140 692 3219 eiusdem
705 3138 892 3201 Venerabilis
904 3137 1016 3199 Fratris
1037 3153 1054 3196 a
1077 3143 1107 3197 te
1120 3137 1213 3199 Nobis
1227 3141 1374 3219 propositi

225 3254 260 3299 ac
273 3236 442 3319 presentati
454 3239 557 3300 statim
570 3255 639 3301 eam
653 3285 661 3317 ‚
674 3255 766 3320 quam
779 3236 951 3319 postulasti,
964 3234 1112 3299 rationem
1125 3234 1295 3298 habendam
1308 3256 1375 3302 assa

222 3335 380 3413 duximus,
393 3335 651 3416 quemadmodum
663 3352 700 3398 er
714 3335 848 3420 perfecta
860 3338 969 3414 jamra
982 3335 1150 3396 exduobus
1164 3334 1276 3397 scilicet
1286 3381 1294 3413 ‚
1306 3354 1374 3417 qaae

225 3450 303 3494 nunc
312 3451 374 3495 una
386 3433 628 3511 transmittimus,
642 3433 787 3496 Brevibus
795 3448 971 3514 cognosces,
982 3431 1013 3492 iu
1023 3447 1154 3511 quornm
1166 3431 1262 3494 altero
1275 3431 1374 3512 ipsum

225 3529 254 3590 in
274 3531 443 3610 generalem
465 3532 550 3612 regni
568 3532 612 3593 tui
636 3529 846 3612 Inquisitorem
869 3529 1096 3606 constituimus,
1115 3528 1319 3601 declaramus,
1343 3536 1375 3590 et

225 3627 450 3705 confirmamus,
465 3628 495 3690 in
508 3629 603 3690 altero
621 3647 692 3690 vero
701 3647 753 3690 eas
763 3645 888 3706 omnes,
906 3644 974 3709 qua
992 3624 1032 3687 ad
1044 3625 1245 3687 exercendum
1260 3623 1291 3686 id
1302 3642 1374 3687 mu-

225 3745 281 3789 nus
293 3729 499 3810 requiruntur,
515 3727 674 3791 facultates
691 3727 893 3811 impertimur.
908 3728 952 3787 En
966 3724 1023 3786 hoc
1044 3730 1148 3785 nostra
1166 3723 1373 3802 gratificandi,

226 3840 261 3882 ac
282 3823 465 3906 obsequendi
483 3825 538 3887 tibi
557 3825 711 3887 alacritate
727 3824 801 3886 satis
813 3825 905 3886 etiam
918 3821 1088 3902 perspIcere
1103 3827 1201 3900 potes,
1221 3820 1375 3883 carissime

226 3920 255 3980 in
278 3920 394 3984 Christo
418 3924 460 3985 iili
477 3929 590 4001 noster,
606 3941 699 4005 quam
719 3923 845 3984 mirifice
868 3922 899 3985 in
921 3921 964 3983 tui
983 3936 1117 3982 amorem
1140 3920 1373 3998 inflammemur,

225 4020 467 4104 delectemurque
481 4023 591 4085 liducia
605 4023 635 4084 in
652 4024 713 4084 Nos
730 4030 795 4100 tua,
815 4040 850 4083 ac
868 4038 962 4082 novas
980 4019 1113 4100 quotidie
1135 4019 1374 4100 opportunitates

226 4117 289 4178 dari
307 4120 400 4181 Nobis
414 4127 526 4182 mutuae
539 4119 712 4199 huiusmodi
724 4120 801 4181 inter
814 4120 877 4181 Nos
889 4115 1101 4179 confirmanda
1114 4116 1234 4197 pietatis
1247 4121 1374 4196 exopta-

226 4232 303 4276 mus.
319 4218 379 4280 i'ao
401 4219 501 4299 igitur,
515 4225 560 4297 nt,
574 4218 656 4302 quod
673 4218 866 4281 vehementer
879 4217 1029 4299 cupimus,
1048 4217 1178 4278 maxime
1196 4232 1373 4295 persumm

226 4329 291 4372 esse
306 4315 402 4393 Regia
416 4316 564 4395 Maiestati
585 4317 654 4377 Trrae
669 4316 881 4397 intelligamus,
903 4315 1054 4380 uberrima
1073 4329 1193 4393 semper
1208 4314 1374 4378 conanum

226 4409 297 4486 tibi,
314 4417 344 4470 et
358 4414 595 4499 cumulatissime
617 4432 742 4498 queque
759 4412 876 4497 promi
891 4413 1046 4493 singularis
1070 4412 1099 4471 in
1117 4417 1148 4470 tc
1170 4411 1259 4473 animi
1280 4413 1374 4475 nostri

154 4517 168 4540 ‘
226 4502 522 4586 testimonia.'Quam
537 4511 803 4574 loculmnssimam
819 4512 1004 4573 voluntatem
1025 4517 1058 4572 ut
1076 4509 1174 4574 adhuc
1189 4513 1373 4576 testationem
