3194 5354
381 538 564 604 EPlSTOLAE
582 546 627 601 ΕΓ
643 544 776 601 nnsvn
796 537 1027 602 subsericas.
1215 540 1273 601 dil

132 664 223 738 atque
234 655 325 717 etiem
338 652 520 735 persuadeas
533 652 594 715 Nos
616 650 820 731 injudicando
832 650 903 713 illud
918 650 1005 711 unica
1016 660 1075 731 pra
1088 649 1183 713 oculis
1192 648 1277 712 habi-

132 761 227 830 turos,
241 759 274 814 ut
287 768 357 813 cum
369 751 534 833 apostolico
549 749 669 814 muneri
681 755 796 828 nostro,
808 748 949 812 Ecclesia
961 746 1099 826 utilitati,
1113 747 1277 829 dimone

130 849 234 931 gloria
245 848 477 912 satisfecerimus
485 894 495 926 ,
510 866 572 912 una
585 847 639 912 tibi
653 847 744 911 etiam
759 846 987 910 satisfaciamus.
1011 845 1097 920 Quod
1109 845 1196 909 lacile
1214 847 1277 909 Nos

130 952 345 1010 consecuturos
359 944 554 1024 confidimus3
569 962 648 1010 ,cum
667 943 824 1007 enimhas
844 942 883 1006 ad
896 955 944 1004 res
961 939 1086 1005 consilia
1103 947 1156 1003 tua
1175 942 1278 1005 omnia

129 1061 276 1108 conversa
285 1060 350 1106 asse
359 1043 431 1106 certi
445 1042 555 1121 simus,
568 1047 691 1123 gratum
701 1040 754 1102 tibi
766 1046 999 1122 acceptumque,
1014 1038 1159 1121 quidquid
1167 1038 1228 1101 Nos
1238 1040 1277 1110 de

128 1140 272 1222 expositis
286 1148 346 1203 ate
360 1140 458 1202 causis
467 1140 500 1202 iu
512 1139 640 1202 Domino
650 1138 873 1202 decernendum
887 1139 1100 1220 judicabimus.
1113 1142 1158 1203 llc
1171 1130 1203 1202 in
1213 1140 1277 1203 sin·-

129 1239 241 1318 gularis
252 1245 383 1320 palerna
392 1238 602 1302 benevolentia
613 1245 825 1320 argumentum
834 1239 1031 1322 apostolicam
1037 1238 1277 1303 benedictionem

132 1337 185 1399 tibi
193 1382 202 1414 ,
216 1337 407 1400 dilectissime
429 1338 459 1399 in
480 1337 597 1401 Christo
611 1337 672 1417 fili,
696 1356 732 1401 ac
751 1338 895 1401 universa
915 1338 1075 1401 Electorali
1085 1334 1194 1400 Domui
1205 1338 1278 1397 Tuae

122 1435 333 1498 ,amantissime
346 1435 545 1516 impertimur.
566 1437 680 1499 Datum
693 1437 805 1504 Rome,
815 1442 885 1504 etet.
902 1434 952 1496 die
968 1445 1005 1496 aa
1012 1435 1092 1512 julii
1106 1444 1193 1510 turs,
1204 1450 1277 1511 pom

132 1536 262 1612 bficctw
281 1537 374 1594 nostri
392 1537 577 1594 onaoseetc
1128 1549 1130 1552 ’

612 1640 790 1664 -ι-ἇο--ὲι

578 1756 581 1761 ’
601 1755 793 1825 CCLXXX.

364 1903 586 1958 bruscrsssmo
607 1914 642 1956 su
663 1912 799 1959 cuarsro
822 1899 905 1957 rrum
928 1899 1046 1958 nomo

462 2009 739 2082 nnmsslllnc
758 2010 927 2072 tosllPllo
1040 2060 1047 2078 .

283 2130 665 2196 asvsn1m‘nuor‚s.n.
688 2137 708 2183 r.
730 2128 898 2184 rnmcrrt
921 2124 1117 2194 rusorum,

444 2239 676 2318 CLEMENS
704 2241 833 2317 PAPA
860 2237 966 2315 xlv,

557 2471 560 2478 Ι
729 2469 732 2474 ¹
926 2391 1024 2449 Romae,
1036 2393 1063 2439 :tt
1077 2388 1132 2450 iulii
1147 2391 1214 2439 177⁴.
1233 2471 1235 2473 ι

131 2479 132 2482 “
172 2477 390 2561 Dilectissimo,
410 2495 465 2551 ea.
482 2488 621 2552 Pluribus
633 2506 670 2550 ex
692 2487 801 2564 rebus,
813 2504 889 2567 quas
901 2504 919 2547 a
933 2484 1025 2548 Nobis
1039 2485 1202 2548 identidem
1220 2485 1278 2573 lla-j

131 2586 252 2669 gitasti,
272 2604 407 2673 quasque
427 2586 480 2671 tibi
493 2605 549 2668 pro
567 2585 721 2667 apostolici
734 2585 828 2648 nostri
849 2584 1005 2658 ministerii
1019 2584 1119 2649 officio
1132 2583 1277 2666 impertiri

131 2682 676 2766 potuimus,libentissimequelargiti
690 2702 805 2766 sumus,
817 2681 983 2747 luculenter
994 2682 1278 2764 cognovissemus
1376 2674 1378 2680 ’

131 2781 290 2868 tissimein
305 2782 422 2867 Christo
443 2782 485 2844 lili
500 2788 613 2859 noster,
628 2787 813 2862 quantopere
827 2780 921 2842 simus
939 2780 979 2842 ad
993 2786 1023 2842 te
1036 2781 1067 2840 S.
1083 2779 1174 2859 hujus
1194 2779 1277 2841 Sedis

131 2875 285 2939 beneficiis
293 2877 475 2954 ornandum,
487 2876 600 2956 tibique
611 2874 840 2957 gradficandum
850 2873 1002 2955 propensi.
1015 2876 1058 2933 Ex
1073 2873 1131 2935 hoc
1143 2874 1209 2956 ipso
1220 2892 1278 2954 pa-·

133 2980 220 3035 terno
229 2978 332 3035 nostro
342 2991 412 3053 erga
422 2966 453 3034 te
464 2972 566 3033 auimo
578 2990 663 3051 aque
674 2971 728 3033 tibi
738 2980 930 3052 perspectum
941 2989 1005 3032 esse
1017 2990 1077 3032 non
1092 2971 1276 3047 dubitamus,

129 3071 191 3132 Nos
204 3069 229 3132 si
240 3067 401 3150 aliquando
412 3066 605 3149 petitionibus
619 3065 679 3127 tuis
692 3065 824 3127 assentiri
836 3064 960 3127 minime
971 3084 1147 3146 possumus,
1162 3067 1278 3146 mavis-

132 3168 215 3230 simis
235 3167 333 3230 causis
351 3165 507 3247 impediri,
531 3168 698 3245 nostreque
719 3163 865 3225 voluntati
883 3163 964 3245 ipsas
978 3163 1124 3228 Pontificii
1145 3164 1278 3227 nruueris

131 3265 264 3327 rationes
275 3264 436 3327 adversari.
455 3265 512 3324 Per
526 3263 686 3324 molestum
699 3267 746 3322 est
758 3259 850 3322 Nobis
861 3256 986 3340 hujusce
1000 3260 1116 3342 generis
1129 3279 1194 3324 esse
1209 3263 1277 3337 illa,

130 3381 195 3442 qua
214 3379 309 3442 nuper
322 3359 383 3422 tuis
405 3359 443 3421 ad
466 3360 527 3421 Nos
548 3358 627 3421 datis
644 3357 752 3420 litteris
764 3357 802 3420 de
825 3357 998 3440 abroganda
1018 3367 1122 3423 nostra
1140 3360 1278 3422 delestis

131 3458 237 3522 diebus
247 3461 312 3540 lege
326 3458 424 3540 deque
439 3467 611 3520 sanctorum
629 3456 861 3521 solemnitatem
878 3458 1050 3522 Dominicos
1067 3459 1131 3522 dies
1145 3457 1277 3521 transle-

132 3546 225 3619 renda
237 3576 255 3618 a
267 3556 360 3618 Nobis
376 3557 522 3638 postulas.
538 3549 567 3616 Si
581 3553 703 3645 quidem
716 3555 780 3619 dies
794 3543 922 3619 Domino
932 3550 1141 3632 consecratus,
1158 3563 1192 3617 ut
1206 3575 1278 3637 pra-

132 3654 211 3716 clare
224 3655 316 3732 nosti,
327 3653 492 3716 maximam
506 3669 541 3713 ac
553 3651 735 3734 precipuum
746 3656 864 3734 sanrper
873 3652 903 3713 in
914 3653 1046 3714 Ecclesia
1057 3653 1278 3714 venerationem

133 3750 274 3830 obtinuit,
286 3758 316 3813 et
330 3751 486 3833 diligenter
498 3758 647 3833 quantum
663 3752 726 3813 fieri
741 3752 841 3833 potuit
857 3758 903 3813 est
913 3759 1055 3828 cautum,
1073 3770 1110 3812 ne
1122 3752 1160 3812 ab
1178 3752 1280 3830 hujus

133 3848 215 3911 modi
232 3848 332 3911 divino
346 3851 448 3928 cultu,
463 3867 499 3912 ac
512 3849 638 3912 bomini
651 3850 823 3912 celebritate
847 3849 981 3912 lldelium
998 3856 1112 3912 mantes
1129 3848 1280 3911 distrahe-

133 3952 246 4007 rentur.
261 3947 430 4027 >Propterea
444 3966 515 4010 curn
530 3947 601 4026 tuis,
616 3966 651 4009 ac
666 3947 830 4009 multorum
843 3945 1014 4010 Germaniae
1025 3946 1280 4027 Principum-prs-

133 4045 218 4107 cibus
238 4062 273 4105 ac
297 4045 464 4108 rationibus
484 4045 598 4109 inducti
612 4039 749 4121 luimris,
769 4051 803 4107 ut
824 4044 971 4110 leslcmm
989 4043 1106 4108 dierum
1119 4053 1280 4105 numerum

133 4140 390 4216 imminuamus,
402 4161 471 4205 earn
482 4143 512 4204 in
527 4142 631 4224 primis
640 4161 745 4206 curam
755 4142 958 4220 adhibuimus,
972 4150 1006 4204 ut
1020 4143 1095 4205 testa
1106 4147 1279 4203 sanctorum

134 4239 163 4298 in
181 4237 343 4300 actissuis
356 4238 463 4302 diebus
477 4240 692 4317 retineremus,
710 4260 749 4303 ne
764 4242 790 4303 si
812 4242 843 4303 in
864 4240 1053 4303 Dominicum
1074 4237 1154 4299 dnm
1172 4237 1279 4304 eadem

133 4335 388 4397 transtulissemus
408 4360 416 4396 ε
433 4337 506 4414 (etsi
518 4339 624 4400 ‚omnis
643 4339 798 4419 religiosus
814 4337 913 4398 cultus
932 4336 969 4397 sd
980 4349 982 4354 ’
994 4337 1088 4397 Deum
1113 4333 1278 4412 rc'lcratur)

134 4431 400 4494 tamanhominum
410 4439 543 4497 mentem
550 4441 723 4498 sanctorum
731 4432 924 4498 celebrationi
934 4438 1096 4510 assuetam,
1105 4432 1280 4513 hujusmodi

133 4528 375 4608 conjunctiones
390 4529 489 4613 primo
503 4531 554 4593 illo
564 4532 692 4595 «bomini
709 4531 804 4594 cultu
817 4528 981 4611 quodpiam
1002 4529 1200 4597 remitterent:
1222 4529 1280 4610 Sed

1140 4641 1171 4691 rr
