3194 5354
204 505 207 518 ¹
229 445 282 495 raa
659 436 863 496 mansuris
882 437 948 492 xiv

226 545 324 608 nuelis
335 543 478 608 Sardinia
490 543 577 624 Regis
588 544 713 606 lllustris
721 543 887 628 singulares
896 549 986 622 atque
995 540 1251 621 eximioevirtutes‚
1263 549 1377 606 etcum

228 644 387 707 excellenti
403 643 488 724 regni
501 643 623 723 gerendi
644 641 768 703 scientia
783 641 950 719 conjuncta
963 655 1068 701 omues
1078 637 1218 719 pietatis,
1232 639 1379 703 morima-

225 742 333 820 tionis,
349 740 605 822 magnanimitatis
624 738 739 801 laudes.
759 740 820 800 Nos
845 737 901 819 ipsi
914 734 1052 818 profecto
1065 734 1145 797 inter
1157 742 1265 799 cetera
1283 737 1379 820 ipsius

225 858 345 902 summa
358 838 431 920 regii
448 838 539 901 animi
556 843 734 900 ornamenta
744 834 858 917 experti
872 852 949 916 sape
962 851 1067 896 sumus
1072 878 1082 911 ,
1100 850 1193 914 quam
1213 833 1379 898 mirificum

224 936 290 1013 ejus
303 941 382 996 esset
396 931 547 1013 religionis
565 930 717 1008 studium,
738 949 804 1010 qua
817 949 888 1010 erga
911 931 1054 992 Sanctmu
1073 930 1281 1012 Apostolicam
1297 932 1379 996 hanc

224 1031 333 1095 Sedem
346 1030 553 1108 observantia,
567 1035 773 1109 qneetquam
783 1036 926 1089 constans
938 1046 974 1089 ac
985 1034 1132 1108 perpetua
1142 1027 1309 1092 Nobiscum
1320 1031 1379 1092 be-

223 1128 409 1205 nevolentia,
431 1135 520 1207 atque
540 1125 709 1189 officiorum
731 1123 976 1187 communicatio.
1002 1125 1164 1203 Propterea
1182 1143 1251 1185 cum
1277 1144 1378 1206 nuper

224 1226 310 1307 gravi
326 1245 362 1288 ac
381 1226 550 1306 periculoso
572 1225 680 1287 morbo
694 1224 824 1286 eundem
841 1222 1005 1284 conllictari
1019 1221 1112 1283 Nobis
1125 1229 1202 1283 esset
1220 1223 1373 1299 relatum,

224 1340 330 1405 parem
339 1322 474 1385 maximo
480 1329 584 1385 nostro
592 1341 662 1402 erga
672 1323 756 1384 illum
770 1321 882 1398 amori,
895 1320 1007 1382 doloris
1019 1319 1255 1399 magnitudinem
1264 1329 1377 1401 perce-

222 1420 335 1501 pimus.
351 1422 409 1481 Pro
419 1419 608 1501 impetranda
621 1419 720 1501 itaque
731 1419 836 1501 optimi
854 1419 1006 1499 Nobisque
1017 1418 1161 1480 carissimi
1179 1419 1269 1498 Regis
1290 1420 1375 1481 inco-

223 1517 361 1580 lumitate
382 1508 477 1578 ileum
500 1517 740 1599 omnipotentem
759 1516 912 1598 deprecari
940 1534 1000 1576 non
1024 1514 1249 1576 intermisimus.
1274 1517 1376 1596 Atque

222 1612 335 1675 idcirco
349 1612 459 1674 nudius
477 1612 583 1674 tertius
600 1613 716 1674 Sudarii
734 1613 880 1693 templum
894 1611 1055 1683 adeuntes,
1073 1612 1147 1672 dum
1161 1631 1178 1673 a
1191 1611 1313 1673 natione
1326 1615 1374 1675 sui

222 1709 329 1788 ltegis,
344 1728 379 1771 ac
396 1716 552 1789 tamquam
566 1709 699 1771 Parentis
716 1709 922 1770 amantissima
937 1716 1007 1770 rota
1026 1709 1132 1770 tierent
1146 1726 1214 1769 cum
1228 1708 1374 1770 omnibus

222 1805 362 1887 precibus
375 1824 481 1887 preces
504 1814 621 1868 nostras
641 1807 863 1886 conjunximus.
884 1809 968 1868 Hauc
981 1806 1094 1867 doloris
1115 1805 1370 1870 acsollicitudinis

222 1911 331 1966 nostra
340 1921 464 1965 cansam
478 1903 634 1966 vobiscum
649 1921 730 1965 nuuc
741 1902 1019 1978 communicamus,
1032 1902 1223 1963 Venerabiles
1233 1903 1368 1979 Fratres,

222 2007 256 2060 ut
267 2000 403 2062 vositem
417 2018 539 2062 omnem
558 2018 681 2082 operam
696 2007 785 2080 atque
801 2000 975 2061 animorum
990 1999 1213 2061 contentionem
1226 2017 1282 2080 pro
1293 2019 1372 2062 exo-

221 2097 317 2158 randa
330 2097 575 2178 prestantissimo
590 2097 663 2177 Regi
677 2097 844 2159 valetudine
856 2096 1025 2158 conferatis.
1042 2097 1118 2157 Cum
1132 2109 1252 2159 summa
1271 2105 1373 2160 vestra

221 2194 252 2255 iu
263 2194 428 2257 Ecclesiam
447 2194 546 2257 studia
558 2213 623 2256 esse
636 2194 764 2256 debeant
772 2239 781 2272 ,
791 2193 864 2255 nihil
878 2210 958 2254 nuuc
968 2192 1078 2267 Nobis,
1088 2192 1266 2272 eiquequod
1276 2195 1372 2256 susti·

221 2290 301 2352 netis
318 2291 434 2352 muneri
454 2291 677 2361 convenientius
699 2308 765 2352 esse
787 2297 904 2371 potest,
927 2307 1019 2368 quam
1035 2296 1068 2350 ut
1084 2288 1189 2350 vestris
1209 2289 1247 2350 ad
1275 2292 1374 2354 Deum

221 2389 479 2451 obsecrationibus
498 2389 540 2450 illi
563 2395 670 2471 praesto
693 2389 772 2464 sitis,
796 2389 883 2466 cujus
910 2386 1071 2465 singularia
1093 2392 1194 2447 extare
1218 2387 1248 2448 in
1272 2387 1373 2468 ipsam

221 2485 385 2547 Ecclesiam
396 2486 504 2548 merita
515 2485 686 2548 clarissimis
697 2486 814 2546 indiciis
829 2483 1019 2564 cognoscitis.
1317 2492 1331 2500 ’“

710 2607 892 2618 --ι--ι

744 2723 834 2793 CCV.

479 2880 647 2924 CMUSSIMO
671 2881 705 2921 Ill
728 2882 859 2926 CflRlSTO
882 2886 969 2928 F1L10
993 2885 1111 2927 NOSTRO

222 2943 226 2957 ’
345 2985 495 3045 ennom
515 2985 713 3046 aninumr
734 2987 929 3049 slnnnua
949 2991 1040 3051 naor
1062 2990 1238 3050 rocosum

537 3108 774 3188 CLEMENS¹
797 3113 924 3189 ΡΑΡΑ
953 3113 1059 3190 XIV.

967 3261 1064 3318 Rome,
1077 3257 1115 3307 die
1131 3262 1158 3308 18
1169 3256 1225 3318 iulii
1240 3259 1305 3307 177².

260 3363 441 3434 Carissimo,
457 3371 512 3424 etc.
525 3362 641 3424 Dolonis
655 3365 892 3444 magnitudinem
906 3383 924 3426 a
937 3364 1029 3426 Nobis
1040 3363 1261 3445 susceptamob
1272 3362 1368 3425 morbi
1426 3370 1432 3379 '

218 3460 292 3537 vim,
306 3477 367 3539 qua
381 3476 476 3539 nuper
488 3459 526 3521 ad
541 3459 607 3520 vita
624 3459 784 3523 discrimen
796 3461 957 3524 adductam
970 3462 1062 3524 luisse
1072 3462 1258 3540 Maiestatem
1270 3461 1366 3521 Tuam

218 3570 467 3635 perceperamus,
486 3554 564 3616 intra
583 3556 644 3617 Nos
662 3558 813 3620 continere
829 3576 890 3620 nou
903 3559 1073 3640 potuimus,
1088 3558 1214 3640 proinde
1224 3554 1369 3618 manifes-

218 3657 281 3711 tam
295 3649 436 3712 omnibus
454 3650 578 3713 lecimus
588 3659 619 3713 et
635 3653 752 3716 Sudarii
767 3655 848 3716 adito
862 3657 994 3737 templo,
1014 3663 1043 3717 et
1060 3673 1133 3717 cum
1144 3650 1372 3717 venerabilibus

218 3743 371 3804 Fratribus
378 3746 530 3809 NostrisS.
540 3751 576 3810 11.
590 3751 625 3810 E.
634 3751 841 3815 Cardinalibus
850 3752 1022 3815 moeroreob
1031 3771 1098 3814 eam
1110 3752 1371 3813 maximecausam

218 3839 461 3918 communicato,
486 3853 519 3904 ut
541 3853 658 3908 nostras
681 3848 720 3909 ad
744 3851 838 3910 Deum
862 3867 966 3930 preces
997 3867 1066 3910 cum
1092 3850 1212 3912 illorum
1231 3845 1371 3929 precibus

218 3934 395 4014 coniunctas
421 3937 604 4002 efficaciores
621 3943 660 4004 ad
674 3945 895 4026 impetrandam
913 3945 966 4007 tibi
984 3944 1222 4007 incolumitatem
1234 3941 1372 4004 reddere·

218 4054 296 4098 mus.
319 4037 384 4111 Qua
403 4035 525 4117 quidem
550 4039 580 4099 iu
595 4059 627 4100 re
648 4044 782 4104 obsecuti
809 4061 912 4105 sumus
925 4051 956 4105 et
978 4043 1138 4125 pontificio
1159 4039 1278 4102 muneri
1300 4055 1371 4119 erga

218 4137 328 4214 Regem
353 4137 543 4218 singulariter
558 4145 647 4218 atque
661 4140 777 4221 egregie
791 4140 828 4204 de
846 4142 980 4204 Ecclesia
999 4141 1140 4203 meritum
1153 4186 1161 4216 ,
1176 4146 1205 4201 et
1222 4135 1371 4220 peculiari

218 4235 339 4296 cuidam
355 4255 474 4299 summo
489 4243 578 4317 atque
592 4237 702 4299 eximio
714 4240 807 4301 amori
832 4240 861 4300 in
880 4246 909 4301 te
931 4247 1053 4316 nostro,
1067 4256 1158 4320 quem
1175 4236 1216 4299 ob
1227 4235 1369 4315 iusignia,

219 4349 254 4391 ac
272 4339 417 4411 perpetua
431 4335 535 4395 inNos
556 4334 654 4396 studia
670 4341 700 4396 et
712 4335 751 4395 ob
766 4336 943 4397 excellentes
960 4345 990 4398 et
1006 4336 1088 4414 regio
1103 4333 1205 4395 auimo
1224 4329 1372 4413 uiguisse

219 4445 285 4490 mas
298 4425 423 4489 virtutes
443 4429 647 4495 incredibilem
667 4431 698 4493 in
711 4432 835 4495 modum
855 4433 1023 4512 diligimus,
1042 4430 1220 4518 atqueadco
1235 4427 1372 4491 admira·
