3194 5354
388 459 568 515 EPlSTOLAE
587 459 632 512 ΕΤ
650 458 780 512 ΒΒΕῊΑ
803 456 1034 513 smacltonn.
1232 461 1284 512 287

139 568 351 645 sentientibus,
366 572 470 627 nostra
487 564 578 625 debet
597 581 663 624 esse
678 571 769 642 atque
784 561 927 623 universe
943 562 1080 623 Ecclesia
1096 561 1281 639 jucnnditas.

139 668 186 728 nd
197 667 261 728 baec
272 711 281 743 ,
291 665 410 746 pietatis
427 663 567 742 exempla
581 679 651 722 cum
662 660 789 742 pubbca
802 660 894 721 etiam
908 661 1124 723 laetitiavestrae
1133 662 1284 741 signitica-

140 764 228 825 tionis
241 754 384 825 accedent
397 806 405 836 ‚
419 776 603 839 magnopere
617 763 732 817 ceteros
741 775 846 817 omnes
866 755 903 816 ad
917 757 1042 818 similem
1060 763 1090 818 et
1104 757 1222 838 pietatis
1236 765 1284 835 ,et

140 853 299 922 hilaritatis
312 857 511 920 imitationem
522 853 701 916 exaltabitis.

614 987 796 1005 μισ-ο--ι-

655 1126 758 1198 cett.

398 1294 567 1337 CsslSSllO
590 1294 625 1336 ΙΝ
647 1291 778 1337 fllRlSTO
799 1292 886 1337 Fsslo
907 1292 1025 1337 Romo

225 1408 392 1469 rossano
414 1365 455 1470 ln
477 1408 728 1470 nonanouuu
748 1379 1035 1469 mennamnsu
1056 1410 1203 1470 asuero

449 1528 682 1608 cadalaus
709 1531 837 1609 PAPA
864 1533 970 1610 XIV.

888 1702 982 1760 Romu,
998 1705 1026 1752 ts
1035 1699 1138 1763 ianuarii
1152 1704 1220 1751 177⁴.

181 1801 361 1873 carissime,
381 1809 438 1864 ete.
454 1802 530 1864 Cum
541 1803 678 1865 Cesarea
693 1803 842 1881 Majestati
858 1806 931 1866 Tuae
943 1812 1084 1886 pergrata
1104 1805 1209 1868 tutum
1230 1824 1283 1868 ar-

139 1899 295 1977 bitremur,
310 1918 375 1981 qua
392 1899 485 1962 Nobis
496 1919 651 1982 prospere,
665 1907 753 1983 atque
766 1921 803 1963 ex
819 1903 965 1965 sententia
976 1903 1124 1981 eveniant,
1137 1903 1176 1966 ad
1189 1910 1219 1967 te
1231 1904 1282 1986 qui

139 1997 417 2079 principemlocum
428 1998 504 2060 inter
518 1999 657 2062 Ecclesiae
673 1999 750 2061 lilios
761 2006 844 2061 tenes
862 1999 980 2062 mittere
999 2001 1147 2063 voluimus
1157 2001 1283 2065 Allocu-

140 2096 252 2157 tionem
265 2096 423 2159 aNobisin
432 2095 610 2159 consistorio
619 2102 734 2159 secreto
744 2096 774 2158 iu
786 2095 1008 2158 venerabilium
1017 2098 1158 2159 Fratrum
1168 2103 1284 2158 nostro

140 2211 207 2254 rum
219 2193 250 2254 S.
272 2194 309 2254 R.
324 2194 359 2255 Ε.
378 2192 580 2257 cardinalium
598 2193 734 2257 habitam
750 2192 801 2255 die
817 2205 851 2255 1⁷
872 2192 962 2272 hujus
981 2192 1093 2256 mensis
1112 2210 1206 2273 quam
1224 2210 1284 2253 una

142 2303 212 2346 cum
221 2286 268 2349 his
277 2288 387 2351 nostris
395 2289 503 2352 litteris
512 2288 640 2353 dimotus
649 2289 728 2353 filius
736 2295 838 2352 noster
845 2287 1149 2368 AntoniusEugenius
1158 2288 1190 2349 S.
1199 2288 1236 2348 R.
1247 2288 1282 2347 E.

139 2381 302 2447 Cardinalis
314 2384 488 2449 vicecomes
502 2385 541 2449 ad
555 2394 584 2449 te
597 2386 721 2449 deleret.
733 2387 779 2448 Ex
796 2384 903 2449 eadem
921 2403 1082 2466 cognosces
1097 2383 1283 2466 aequitatem,

138 2484 168 2538 et
187 2480 359 2564 religionem
375 2481 599 2546 carissimorum
614 2475 647 2544 in
667 2481 784 2545 Christo
795 2481 927 2544 liliorum
937 2479 1080 2545 ludovici
1101 2480 1286 2543 Christianis-

139 2575 205 2639 simi
220 2576 382 2642 Galliarum
399 2580 505 2661 Regis,
527 2586 558 2641 et
570 2579 748 2642 Ferdinandi
765 2578 919 2661 utriusque
929 2578 1035 2642 Sicilia
1051 2585 1083 2641 et
1096 2577 1284 2643 llierusalem
1310 2598 1312 2603 ·

139 2672 226 2754 Regis
235 2674 358 2765 lllustris
374 2676 404 2738 iu
415 2674 507 2740 Nobis
520 2677 702 2741 restituenda
712 2677 837 2760 pristina
847 2685 952 2740 nostra
961 2675 1136 2754 Avenionis,
1150 2674 1286 2738 Comita-
1369 2677 1371 2682 ’

139 2777 187 2831 tus
205 2773 371 2838 Venaissini
381 2821 389 2853 ,
402 2776 581 2854 Beneventi,
604 2783 635 2838 et
652 2776 755 2838 Pontis
771 2776 858 2840 Corvi
876 2774 1083 2858 possessione,
1106 2792 1235 2856 cumque
1250 2773 1286 2833 iis

139 2871 331 2946 conjunctam
343 2873 493 2955 egregiam
511 2874 656 2935 carissimi
670 2873 774 2936 itidem
784 2874 815 2935 in
829 2872 945 2935 OEuisto
954 2872 1007 2934 lilii
1018 2870 1113 2933 nostri
1123 2871 1219 2932 Caroli
1232 2870 1286 2930 Ca·

141 2967 242 3027 thotici
251 2967 462 3051 Hispaniarum
473 2968 561 3049 Regis
576 2969 605 3029 in
616 2969 678 3029 Nos
688 2969 890 3044 voluntatem,
903 2968 1053 3047 atquibus
1065 2965 1182 3046 paterni
1194 2963 1285 3026 animi

140 3064 232 3123 nostri
254 3064 388 3126 sensibus
414 3063 648 3145 pulcherrimam
667 3064 840 3144 bujrrsmodi
864 3065 984 3128 illorum
1012 3064 1163 3126 actionem
1177 3081 1286 3145 prose-

140 3161 225 3242 quuti
245 3180 358 3224 sumus.
375 3163 562 3243 Maiestatem
579 3163 678 3223 Tuam
698 3170 801 3225 nostra
822 3183 915 3229 causa
932 3180 993 3225 uon
1017 3159 1200 3225 naediocrem
1217 3159 1287 3222 inde

141 3257 242 3321 animo
265 3259 487 3340 jucunditatem
509 3264 716 3343 suscepturam
737 3279 798 3323 non
822 3260 1012 3338 dubitamus,
1035 3265 1066 3322 et
1086 3277 1122 3321 ex
1141 3257 1201 3320 boc
1220 3257 1286 3341 ipso

142 3358 251 3420 amoris
263 3358 292 3419 in
304 3365 334 3421 te
347 3359 442 3422 nostri
454 3357 553 3421 officio
563 3358 912 3442 intellecturamquanta
922 3359 962 3421 sit
970 3355 1120 3423 nostratia
1131 3355 1285 3439 singulari,

142 3475 177 3514 aa
195 3463 339 3537 perpetua
352 3464 404 3519 tua
427 3476 499 3538 erga
513 3457 575 3519 Nos
596 3455 635 3519 ad
648 3445 790 3521 Sanctam
808 3457 888 3521 banc
907 3454 1014 3520 sedan
1035 3455 1145 3539 pietate
1163 3455 1284 3518 fiducia.

141 3552 224 3626 Qraod
235 3552 357 3635 quidem
368 3573 403 3617 ex
415 3552 481 3637 ipsa
494 3553 586 3617 etiam
601 3553 781 3618 allocutione
794 3554 1015 3638 deprehendes,
1030 3554 1108 3617 inest
1117 3551 1197 3616 enim
1208 3553 1239 3614 in
1250 3571 1286 3616 ea

143 3649 263 3732 uliaprod
281 3652 373 3714 nostri
392 3652 425 3715 in
444 3660 474 3714 te
492 3650 581 3714 studii
601 3653 769 3735 specimen;
790 3653 848 3716 etsi
866 3652 958 3716 tacita
968 3651 1059 3714 animi
1078 3649 1171 3714 nostri
1197 3649 1287 3730 signi-

142 3747 279 3811 ficatione
291 3750 362 3812 satis
373 3757 475 3812 tamea
485 3749 697 3812 adumbratum
712 3756 802 3832 atque
815 3751 845 3812 iu
859 3749 1030 3835 preclarius
1047 3754 1288 3811 summauostrn

144 3852 272 3924 paterna
285 3847 316 3909 in
329 3855 359 3910 te
372 3846 505 3911 caritatis
519 3854 730 3928 argumentum
744 3846 941 3930 apostolicam
958 3845 1197 3910 benedictionem
1221 3846 1287 3907 Ca-

144 3961 234 4004 sarea
246 3945 395 4024 ittajestati
409 3948 496 4025 Tua,
511 3947 710 4027 angusteque
726 3945 871 4010 universa
887 3945 994 4008 Domui
1010 3942 1213 4009 amantissime
1223 3943 1286 4003 im-

143 4039 297 4119 pertimur.
307 4044 418 4106 Dctnm
431 4044 542 4122 Romu,
554 4044 638 4126 nptad
645 4043 925 4122 Sanctnmfdlarinm
933 4043 1088 4123 Majorem,
1099 4043 1154 4104 snb
1164 4043 1287 4103 Annulo

145 4139 317 4210 piscatoris,
331 4141 380 4201 die
395 4150 430 4202 19
442 4144 577 4216 innectit
589 4152 678 4219 1774,
690 4145 883 4222 pontificalia
894 4146 990 4205 nostri
1007 4158 1084 4202 anno
1100 4142 1213 4219 quinto.

624 4311 804 4323 nuuc-—
