3194 5354
475 491 656 548 aersaoan
673 491 718 545 m
736 491 870 545 aaran
888 487 1120 544 smucrroaa.
1336 494 1369 540 ar

679 724 681 728 Α
712 643 873 719 Lxxvu.

636 803 826 848 vantsumu
850 803 961 846 raam

275 904 467 968 ellium}
490 903 728 964 WENOESLAO
748 900 1049 962 ancflmmsoom
1069 900 1319 972 TREVIRENSI,

347 1020 388 1069 ar
404 1019 555 1069 macore
571 1018 773 1078 noeumane,
788 1017 815 1065 s.
832 1017 860 1066 a.
877 1017 898 1065 r.
919 1012 1059 1064 mmmm
1074 1004 1246 1074 mmmm,

447 1168 450 1172 Δ
530 1118 766 1201 CLEMENS
792 1120 920 1200 PAPA
948 1119 1054 1199 XIV.

1019 1275 1112 1332 noma,
1130 1276 1157 1322 aa
1171 1272 1227 1334 nui
1239 1275 1306 1322 raro.

270 1383 473 1454 ercdlla'a,
494 1389 552 1444 etc.
573 1383 827 1446 lncaod'msimam
851 1380 943 1444 Nobis
956 1384 1022 1442 rem
1035 1379 1178 1455 mmcIas,
1193 1379 1267 1441 dnm
1283 1375 1369 1441 baad

225 1478 448 1559 medianum
461 1479 664 1562 prepositura
681 1481 866 1562 principatus
884 1477 1087 1542 ElwanoeuaIa
1104 1477 1238 1540 unanimi
1254 1477 1370 1540 sutfra-

224 1577 359 1657 gantiom
371 1593 521 1660 consensu
538 1579 669 1641 mum
686 1596 755 1641 esse
772 1576 894 1654 acribia,
915 1594 1005 1656 snper
1023 1594 1088 1656 quo
1111 1575 1368 1655 quemadmodum

227 1674 342 1755 prolixa
357 1692 428 1754 erga
443 1681 474 1736 te
492 1675 583 1747 animi
597 1675 690 1738 nostri
704 1694 757 1757 per
770 1674 957 1756 impertitum
974 1671 1170 1752 Eligibilitetis
1186 1674 1279 1735 Breve
1295 1691 1369 1753 pct-

225 1772 313 1833 cessit
334 1772 513 1849 declaratio,
535 1773 579 1836 ita
596 1780 702 1835 nostra
719 1791 780 1835 non
803 1773 901 1835 solum
915 1779 1113 1854 consequetur
1126 1792 1180 1853 per
1191 1773 1366 1852 legitimam

225 1869 483 1931 confirmationem
496 1870 659 1931 voluntatis
672 1868 822 1948 accessio,
840 1869 893 1931 aad
913 1868 1060 1946 ejusmodi
1077 1869 1168 1930 etiam
1189 1868 1368 1950 adjungetur

224 1966 382 2048 pecuIIaris
394 1966 424 2026 in
438 1973 468 2026 te
482 1966 593 2027 amoris
604 1967 823 2045 teslImonium,
834 1966 916 2049 quod
929 1971 1134 2047 opportunum
1150 1973 1240 2046 atque
1257 1985 1369 2049 accep-

224 2073 289 2128 tum
299 2066 354 2127 tibi
366 2066 429 2128 lore
439 2064 669 2127 exdilectatilio
678 2065 788 2127 corrite
800 2067 999 2145 nolagnasco
1010 2063 1146 2125 Ministro
1156 2070 1209 2126 too
1226 2064 1369 2125 intellexi-

223 2182 304 2227 mus.
319 2164 347 2224 ls
359 2179 429 2224 cum
445 2160 538 2223 Nobis
556 2160 796 2242 diligentissime,
812 2169 846 2223 ut
857 2160 953 2239 solet,
974 2168 1075 2240 gratos
1092 2160 1204 2222 idcirco
1218 2168 1286 2222 tuos
1298 2179 1369 2240 erga

221 2262 284 2322 Nos
297 2279 332 2322 ac
345 2277 415 2340 erga
427 2259 632 2340 apostolicam
646 2259 747 2322 sedem
761 2279 865 2322 sensus
875 2260 1024 2339 retulerit,
1037 2260 1159 2322 minime
1176 2261 1367 2341 ambigimus,

223 2357 296 2437 quio
312 2357 502 2419 Fraternitati
516 2365 574 2418 tua
593 2356 721 2418 invicem
735 2354 772 2419 de
783 2346 939 2438 perspecto
952 2353 1005 2418 tibi
1025 2357 1167 2437 singulari
1182 2365 1284 2420 nostro
1297 2377 1369 2440 erga

225 2461 255 2514 te
269 2452 366 2516 studio
379 2453 599 2535 perscripturus
612 2460 751 2515 accurate
767 2453 821 2531 sit,
837 2453 932 2534 eoque
947 2453 1038 2514 modo
1063 2454 1158 2534 magis
1171 2454 1269 2516 adhuc
1280 2461 1368 2518 tuum

222 2547 461 2613 immoratus
472 2550 607 2613 animum
619 2550 707 2613 adm
718 2550 820 2613 omnia
831 2551 1040 2632 paraeqoenda
1048 2551 1150 2613 officia
1160 2597 1169 2630 ,
1181 2557 1289 2632 qimai
1300 2553 1369 2634 pie-

223 2645 278 2706 tali
290 2646 320 2708 in
332 2649 393 2710 Nos
407 2656 480 2725 tim,
496 2655 528 2709 at
546 2646 662 2709 ammio
674 2654 782 2711 noelra
797 2665 870 2729 erga
882 2653 912 2708 te
925 2647 1043 2715 caritati
1063 2655 1134 2709 sunt
1147 2647 1277 2710 maximo
1291 2667 1376 2710 oon-·

223 2750 376 2806 santonas.
386 2746 421 2806 ln
433 2746 520 2824 cujus
528 2744 636 2827 pignus
645 2743 841 2824 apostolicam
851 2741 1092 2818 benedictionem
1105 2743 1170 2821 tibi,
1184 2741 1369 2805 Venerabilis

222 2839 336 2917 Frater,
346 2834 537 2922 peramanter
546 2841 744 2922 impertimur.
756 2844 868 2902 Duum
878 2843 991 2914 Rome,
1000 2849 1072 2917 etc,
1083 2843 1134 2903 die
1149 2847 1268 2904 tamaii
1281 2853 1368 2919 tite,

218 2939 410 3016 mytram
423 2943 518 2999 acatal
531 2954 611 2998 ovano
621 2937 761 2997 samem.

700 3058 884 3072 ..αι-

706 3158 880 3229 LXXVIII.

586 3335 590 3342 ·
626 3319 818 3364 vadantium
837 3318 954 3365 raam

299 3417 509 3492 ,Emnufflco
528 3417 695 3479 murno
713 3415 1019 3481 nucfllmlsooeo
1040 3414 1286 3489 addubitato,

572 3533 597 3579 s.
615 3534 644 3581 n.
663 3535 681 3581 ι.
698 3531 840 3583 summer
854 3533 1019 3596 mmmm,

533 3634 768 3717 CLEMENS
798 3641 926 3718 PAPA
954 3640 1060 3716 XIV.

1008 3792 1103 3847 Romae,
1117 3794 1145 3839 19
1162 3788 1217 3847 maji
1234 3768 1294 3837 Illo

267 3893 463 3962 Venerabilis,
473 3901 528 3953 etc.
542 3893 648 3954 Statim
657 3893 846 3956 rescribimus
855 3894 959 3956 litteris
968 3894 1173 3956 Fraternitatis
1182 3899 1240 3955 tura
1250 3892 1298 3954 dio
1312 3893 1362 3953 [Χ.

222 3989 313 4066 bujus
327 3987 436 4050 mensis
454 3988 492 4049 ad
504 3990 564 4050 Nos
579 3988 675 4067 datis,
692 3989 721 4050 io
737 3990 846 4072 quibus
860 3989 1016 4071 diligenter
1031 4011 1047 4051 a
1061 3990 1153 4053 Nobis
1167 3989 1316 4069 postulas,
1333 4001 1365 4045 ue

223 4084 419 4165 Fligibilitatis
442 4085 591 4154 indultum
612 4087 665 4150 tibi
687 4107 742 4168 pro
756 4088 938 4169 Episcopatu
953 4088 1086 4169 Spirensi
1105 4087 1269 4169 apostolica
1290 4100 1365 4143 auc-

224 4180 342 4242 toritate
354 4180 529 4261 largiamur.
546 4182 590 4243 Ex
605 4183 718 4245 crateris
731 4190 839 4246 nostra
854 4203 924 4264 erga
939 4188 969 4245 te
980 4183 1142 4246 voluntatis
1153 4178 1269 4243 indiciis
1280 4175 1365 4238 iacile

223 4294 402 4354 cognoscere
413 4286 513 4361 potes,
522 4281 710 4343 Venerabilis
719 4280 834 4358 Frater,
846 4297 938 4362 qnam
943 4281 1069 4343 libenter
1079 4281 1136 4340 bac
1150 4278 1241 4338 eliam
1253 4292 1367 4356 oppor-

223 4373 351 4436 tunitate
361 4383 515 4438 uteremur
533 4377 667 4439 animum
688 4385 825 4440 nostrum
847 4397 927 4439 novo
946 4379 1004 4439 boc
1025 4374 1169 4438 beneficio
1186 4372 1239 4434 tibi
1253 4374 1367 4434 contir-

223 4466 337 4535 mand.
352 4471 413 4535 Sed
423 4473 501 4538 nelo
516 4494 552 4538 co
565 4474 753 4537 Fraternitati
767 4483 824 4537 tua
836 4475 998 4554 gratificari
1008 4475 1159 4536 valcamus
1174 4471 1365 4533 vehementer
