3194 5354
323 463 375 514 286
753 463 953 517 CLEMENTlS
972 463 1036 517 xlv

323 565 492 627 animorum
503 550 693 626 contentione
705 566 915 628 adhibeamus?
924 570 1084 628 Summum
1094 565 1181 644 igitur
1194 552 1390 645 Apostolams
1400 582 1467 625 noe

322 663 358 722 tri
370 662 557 724 conditorem
571 665 681 738 Deum,
698 683 732 725 ac
746 666 904 727 Dominum
925 672 1062 726 nostrum
1072 666 1175 724 lesum
1186 660 1339 723 Christum
1350 660 1467 722 assidue

321 763 507 842 flagitemus,
531 770 583 840 ut,
598 782 690 843 quam
713 764 805 824 ctiam
830 764 858 823 in
882 762 1016 823 mortsdis
1030 760 1200 839 hujust‘itm
1219 777 1310 820 cursu
1334 758 1466 819 tribuere

320 861 490 922 mercedem
509 862 585 922 solet
598 861 720 941 optimis
733 860 771 922 de
787 879 878 940 seque
892 860 1032 940 preclare
1053 858 1166 920 meritis
1186 856 1321 936 regibus,
1338 855 1466 917 eandem

320 959 377 1019 iltis
397 957 577 1037 amplissime
599 959 708 1021 referat
724 978 794 1020 cum
807 958 1020 1020 secundissimo
1036 975 1139 1019 rerum
1156 955 1292 1017 omnium
1306 971 1464 1025 successu,

320 1055 418 1134 regni,
434 1074 470 1117 ac
491 1056 672 1132 liberorum,
691 1057 959 1138 regioquedomus
979 1056 1193 1137 prosperitate,
1215 1072 1250 1115 ac
1269 1052 1467 1120 diuturnitate

319 1152 523 1230 conjunctam.
546 1154 604 1215 Sed
617 1154 686 1215 huic
706 1154 761 1235 ipsi
777 1173 896 1216 summo
917 1154 1124 1235 prestantium
1137 1150 1466 1227 cortsilioruru,facto-

319 1251 602 1336 rumqnexomnium
623 1252 756 1328 auctori,
775 1270 829 1332 per
851 1269 943 1333 quem
963 1254 1102 1312 Potentes
1119 1249 1285 1311 decernunt
1295 1246 1463 1326 justitiam,

319 1347 484 1428 prasertim
501 1348 684 1410 immortales
707 1349 828 1428 meridie
842 1356 913 1410 suut
929 1349 1041 1429 gratim
1068 1349 1240 1426 Numquam
1259 1345 1309 1407 ille
1324 1345 1464 1406 Ecclesiae

318 1460 379 1503 sue
392 1444 561 1523 presidium
576 1464 612 1506 ae
623 1445 749 1506 tutelam
761 1445 888 1522 deserit3
905 1446 961 1506 etsi
973 1443 1153 1524 al'qufflo,
1174 1450 1210 1504 ut
1226 1441 1443 1521 rugituum
1455 1489 1462 1512 ‚

318 1558 440 1620 suoque
458 1560 493 1602 uc
517 1559 643 1602 sitorum
664 1541 880 1603 iuoohmitrtis
895 1541 1105 1603 studiosimem
1128 1539 1237 1614 iaciat,
1256 1538 1362 1618 agitari
1380 1539 1462 1599 illam

312 1635 496 1726 turbatique
514 1637 614 1714 duat,
637 1637 761 1701 demum
782 1638 866 1719 pacis
880 1645 912 1700 et
930 1636 1152 1719 tranquillitatis
1173 1634 1319 1698 suauitate
1337 1652 1462 1697 manem

317 1737 461 1818 preteriti
480 1738 615 1799 moeroris
636 1738 806 1801 molestiam
830 1738 984 1817 abstergit.
1012 1737 1063 1797 llle
1079 1733 1238 1797 sacerdotii
1258 1733 1388 1812 itemque
1405 1732 1462 1795 iru-

316 1833 391 1913 perii
408 1835 478 1913 jura
492 1835 634 1914 instituit,
650 1843 741 1916 atque
763 1835 840 1896 inter
855 1834 1006 1914 religionis
1025 1852 1062 1893 ac
1080 1848 1242 1910 regnorum
1257 1828 1461 1892 moderatores

316 1948 458 2012 magnam
472 1932 722 1995 necessitudinem
736 1932 920 1995 intercedere
932 1931 1042 2006 relisit,
1056 1937 1087 1990 et
1099 1927 1201 2009 posuit
1209 1926 1369 1989 consilium
1375 1926 1460 2006 pacis

315 2029 555 2111 interitusque
566 2048 627 2094 uuo
639 2031 677 2092 ad
687 2030 793 2092 divine
802 2031 904 2110 glorie
917 2030 1146 2103 incrementum,
1160 2045 1225 2108 qus
1235 2044 1338 2090 rerrrm
1347 2025 1461 2089 harma·
1574 2085 1580 2100 ,

313 2144 423 2190 nomm
436 2129 577 2209 esttinis,
597 2130 768 2192 inserviant.
791 2129 929 2190 Divinum
948 2129 1048 2209 itaque
1068 2127 1169 2203 huuc,
1190 2127 1274 2207 pacis
1288 2127 1459 2206 largitorem

314 2226 518 2308 obtestemur,
542 2236 577 2292 ut
606 2230 790 2291 voluntatem
819 2227 897 2288 hanc
923 2243 1009 2288 suam
1026 2224 1136 2287 nostris
1162 2224 1245 2286 hisce
1272 2225 1459 2304 temporibus

312 2331 457 2388 ratamac
467 2326 876 2407 tinnamettrocprsclarum
886 2322 1051 2385 concordie
1058 2340 1170 2383 munus
1178 2321 1458 2403 Nobisperpetuum

313 2438 379 2482 esse
392 2424 462 2484 velit
472 2467 481 2500 ,
492 2431 528 2485 ut
546 2442 581 2484 ex
603 2424 661 2484 hac
677 2431 786 2486 mutua
797 2430 901 2485 noema
912 2421 1128 2500 conjunctione
1147 2421 1326 2501 optatissimi
1342 2423 1456 2500 esium,

313 2525 404 2598 atque
415 2519 453 2580 ad
468 2520 637 2581 auimatum
655 2521 785 2582 salutem
798 2565 806 2596 ,
819 2538 854 2580 ao
870 2520 1008 2581 Ecclesiae
1031 2520 1211 2597 utilitatem,
1236 2521 1275 2582 ad
1293 2523 1457 2585 eorumlem

312 2630 418 2692 regum
437 2613 611 2676 felicitatem
627 2615 771 2676 uberrimi
785 2616 1074 2697 cumulatissimique
1092 2615 1207 2678 fructus
1222 2617 1370 2679 derivem.
1392 2621 1457 2694 Quo

185 2752 189 2760 -
310 2709 429 2772 facilius
445 2711 517 2773 ¹brec
529 2712 635 2774 divinar
655 2713 757 2793 gratie
771 2731 898 2775 munera
914 2714 1042 2776 obtineri
1056 2733 1076 2778 o
1092 2713 1185 2776 Nobis
1197 2714 1332 2795 possint,
1353 2717 1390 2777 B.
1405 2719 1457 2780 Pe-

310 2811 392 2869 trum
406 2809 599 2884 Erelmisemc
612 2810 769 2872 sacerdotii
780 2811 875 2873 nostri
885 2810 1009 2888 dum,
1021 2811 1188 2888 quemdem,
1198 2810 1412 2892 acpresidem,
1424 2823 1457 2876 et

309 2906 500 2988 seraphicum
522 2910 554 2969 P.
582 2909 894 2988 Franciscum,cu1'us
915 2908 1119 2989 indisciplina
1142 2907 1270 2968 instituti
1290 2925 1412 2986 minua,
1426 2916 1456 2971 et

308 3003 480 3084 prestetum
500 3004 725 3086 paratissimum
752 3023 872 3087 semper
894 3005 1062 3081 seusium,
1078 3003 1171 3065 Nobis
1188 3009 1349 3084 paeones,
1366 3010 1457 3084 utque

310 3099 464 3178 adjutores
485 3100 697 3183 adjungamus.
723 3099 853 3163 Proinde
874 3108 907 3162 et
931 3119 1012 3163 nanc
1032 3100 1064 3162 iu
1083 3101 1138 3160 SS.
1161 3101 1216 3160 ΧΠ
1240 3100 1455 3180 Apostolmunr

309 3198 439 3278 templo,
451 3196 584 3279 adquod
598 3217 635 3260 ex
646 3199 705 3260 boc
723 3200 789 3280 ipso
801 3216 945 3261 consessu
964 3197 1133 3280 perrecturi
1154 3214 1262 3259 surmus
1276 3202 1307 3258 et
1324 3196 1452 3259 crumina

308 3295 358 3356 die
370 3296 400 3355 in
412 3296 562 3357 Vaticana
579 3297 706 3358 Bsdlice
717 3297 945 3379 posttolemnia
963 3297 1142 3378 Apostolioe
1154 3297 1187 3357 S.
1202 3296 1284 3358 Petri
1299 3295 1451 3361 &theme

307 3408 394 3452 secra
416 3390 454 3452 de
474 3409 559 3454 more
570 3393 722 3456 celebrate
735 3441 743 3472 ,
756 3396 862 3458 vestris
876 3414 937 3458 uua
948 3394 1111 3458 Nobiscum
1129 3396 1298 3476 continuis
1311 3395 1450 3477 precibus

307 3504 444 3552 summas
456 3488 530 3551 Deo.
544 3491 581 3551 0.
593 3491 634 3553 bt.
647 3491 759 3571 gratias
769 3499 802 3554 et
816 3490 920 3556 laudes
936 3493 1111 3568 referemus,
1125 3503 1158 3557 et
1168 3495 1207 3558 ab
1218 3494 1326 3557 eodem
1342 3495 1450 3555 nate

306 3586 357 3649 siae
368 3586 624 3669 tranquillitatem,
639 3595 670 3650 et
682 3589 753 3671 ipsis
762 3591 882 3673 regibus
892 3611 1015 3656 omnem
1026 3593 1127 3674 giuda
1136 3612 1174 3655 ac
1183 3592 1327 3658 felicitatis
1335 3592 1450 3673 ampli-

305 3686 677 3769 tudinempostulabimus.
688 3692 755 3766 Qua
766 3692 1010 3756 obsecrationum
1022 3696 1247 3777 opportunitate
1254 3694 1313 3757 lios
1322 3699 1450 3773 paterna

305 3794 410 3849 nostra
433 3806 504 3867 erga
526 3796 643 3852 eeteros
680 3790 772 3852 etiam
802 3791 1027 3872 potentissimos
1050 3793 1201 3874 dabisque
1226 3789 1397 3854 amatum
1419 3792 1450 3854 in

305 3883 423 3948 Christo
439 3883 517 3945 filios
539 3885 639 3948 studia
662 3887 822 3966 inducunt,
845 3895 879 3950 ut
899 3908 953 3952 eos
979 3891 1053 3954 item
1068 3910 1239 3974 eorumque
1261 3891 1390 3974 imperia
1414 3912 1451 3955 ac

304 4000 398 4064 regna
412 3981 551 4066 peribus
571 3984 683 4046 nostris
699 3986 1005 4067 supponendam.
1028 3991 1103 4052 cnm
1124 3990 1163 4053 ad
1179 4007 1286 4053 ornnes
1303 3989 1450 4053 (latitolici

304 4080 386 4142 orbis
398 4085 500 4162 partes
511 4081 616 4142 oculos
627 4083 852 4161 convertimus,
868 4085 995 4166 illosque
1008 4106 1097 4149 suam
1109 4087 1255 4171 regnandi
1267 4086 1417 4150 rationem
1431 4108 1450 4150 a

303 4176 455 4255 religionis
471 4185 502 4240 et
518 4179 643 4258 justitie
659 4179 802 4242 institutis
822 4189 960 4263 repetere
985 4183 1150 4263 intuemur,
1169 4192 1256 4248 tauto
1277 4185 1377 4247 aerim
1398 4185 1451 4247 iu-

304 4271 495 4338 flammemur
507 4277 545 4340 ad
555 4285 702 4359 perpetua
712 4296 748 4339 ac
758 4296 880 4342 somma
890 4299 1016 4363 queque
1026 4282 1099 4364 ipsis
1110 4282 1301 4364 imploranda
1316 4282 1450 4344 ooelestis

304 4369 467 4433 clementie
485 4375 631 4438 beneficia
649 4396 684 4438 ac
703 4376 854 4458 presidia,
874 4386 988 4460 quanto
1007 4380 1127 4442 uberior
1143 4389 1233 4462 atque
1248 4379 1448 4457 constantior,

304 4466 340 4528 iis
348 4467 487 4530 omuibus
503 4490 559 4552 pro
569 4473 668 4535 diuina
688 4474 781 4553 gloria
794 4521 802 4552 ,
815 4484 846 4536 et
860 4474 1032 4538 Christiane
1043 4477 1213 4557 reipublice
1227 4478 1356 4539 utilitate
1370 4495 1448 4538 con-
