3194 5354
146 400 151 409 ’
214 440 248 489 ai
642 433 846 490 mensuris
864 436 929 490 xiv

211 537 317 600 darent
326 554 462 618 operam,
470 535 663 598 vehementer
672 543 824 617 optamus,
833 556 871 601 ne
880 538 945 600 haec
956 539 1048 601 etiam
1058 558 1119 602 non
1131 541 1292 606 mediocris
1304 563 1363 625 pu·

211 637 296 699 blicae
309 636 447 698 utilitatis
462 654 532 717 pars
546 637 698 717 praeterite
708 655 791 700 nunc
804 638 908 715 isthic,
921 658 958 701 ac
975 641 1113 720 neglecta
1126 659 1192 703 esse
1205 642 1358 706 videatur.

210 733 338 795 Proinde
352 738 512 815 postquam
523 733 581 794 rite
594 733 758 796 constituta
770 741 859 797 erunt
873 736 990 816 singula
1004 737 1055 799 illu
1068 738 1189 818 pietatis
1200 757 1305 818 opera,
1323 725 1361 802 sc

210 829 246 890 iis
260 837 405 910 praterea
418 829 606 892 satisfactum
625 831 784 910 oneribus,
796 852 863 914 quse
876 834 982 912 honis,
995 836 1149 913 ecclesiis,
1165 855 1201 899 ac
1211 838 1356 901 domibus

210 927 329 989 tuendis
342 927 521 1008 utendisque
534 927 701 990 necessarie
710 928 873 1009 inherent,
887 950 943 994 nec
954 950 1015 995 non
1027 939 1058 995 et
1069 934 1275 1014 pensionibus,
1291 955 1361 1016 qnae

209 1026 371 1103 quotannis
398 1025 561 1102 debentur,
582 1025 656 1087 dum
678 1028 855 1107 superstites
876 1036 986 1107 erunt,
1005 1031 1042 1092 iis
1064 1050 1081 1093 e
1102 1032 1247 1095 societate
1271 1036 1358 1111 lesu,

209 1121 260 1201 qui
275 1122 382 1183 Melitae
393 1121 552 1202 degebant,
571 1121 718 1201 quidquid
734 1128 801 1185 lum
814 1141 851 1186 ex
863 1125 945 1187 initis
955 1126 985 1187 in
997 1126 1079 1188 dicto
1092 1128 1225 1190 Concilio
1246 1148 1360 1211 accep-

209 1223 311 1279 torum
325 1234 583 1299 expensorumqne
589 1218 696 1299 quovis
708 1236 788 1281 anno
802 1219 969 1283 rationibus
984 1221 1166 1302 superfuisse
1180 1225 1357 1302 reperietur,

182 1382 188 1389 ,
208 1321 388 1395 potestatem
420 1315 473 1376 tibi
497 1313 691 1376 concedimus
715 1315 746 1377 id
769 1334 859 1378 omne
884 1318 1026 1397 erogandi
1050 1318 1301 1400 impendendique
1326 1323 1358 1384 in

209 1412 394 1489 subsidium,
409 1418 440 1474 et
463 1429 553 1474 usum
568 1416 631 1474 tam
657 1410 859 1475 universitatis
880 1412 1027 1494 generalis
1054 1412 1237 1494 studiorum,
1263 1435 1358 1498 quam

207 1509 324 1589 collegii
344 1508 531 1571 educationis
549 1526 606 1589 pro
621 1509 794 1589 tyronibus,
811 1517 864 1572 aut
883 1511 1027 1593 professis
1040 1511 1129 1573 vestri
1149 1513 1357 1595 ordinisquod

207 1626 287 1670 nunc
299 1607 459 1687 collegium
468 1607 556 1669 isthic
566 1606 837 1669 estinstitueudum
850 1606 889 1669 ad
897 1626 1035 1671 normam
1045 1608 1173 1669 aliarum
1184 1616 1357 1674 nostrarum

207 1706 237 1766 in
249 1704 347 1766 forma
360 1703 458 1765 brevis
471 1703 660 1782 litteratum,
674 1722 742 1785 quse
756 1722 818 1767 una
832 1724 902 1767 cum
914 1705 997 1768 hisce
1013 1705 1172 1769 nostrised
1181 1713 1212 1768 te
1225 1707 1352 1787 dautur,

206 1801 317 1882 quibus
335 1807 409 1862 tam
425 1798 602 1862 universitas
622 1800 684 1877 illa,
699 1819 794 1883 quam
807 1801 967 1881 collegium
986 1803 1153 1882 apostolica
1174 1803 1354 1868 auctoritate

207 1898 455 1980 comprobantur.
475 1900 554 1960 Dum
567 1917 639 1961 vero
649 1901 711 1961 Nos
724 1899 897 1978 hujusmodi
912 1907 953 1977 te,
970 1900 1078 1963 dilecte
1090 1901 1148 1979 fili,
1162 1901 1357 1967 facultatibus

208 2015 365 2077 augemus,
375 1995 673 2075 constrictamtuam,
682 1995 768 2058 actui
779 1996 896 2059 consilii
905 1997 1355 2080 conscientiamesseexistimu,

207 2115 268 2177 qua
282 2094 321 2157 ad
339 2093 530 2172 haecomnia,
546 2113 614 2175 qum
624 2094 855 2172 declaravimus,
873 2094 1015 2157 omnibus
1029 2095 1163 2158 numeris
1175 2103 1206 2159 et
1219 2097 1357 2176 partibus

206 2190 409 2273 complenda,
430 2197 520 2272 atquc
542 2191 614 2253 huic
637 2190 801 2274 pontificia
820 2191 967 2254 voluntati
992 2192 1218 2255 accuratissime
1239 2193 1358 2257 satissa-

206 2289 347 2352 ciendum
367 2286 523 2351 tenemini.
548 2288 613 2351 Hac
633 2293 736 2350 tumen
752 2288 906 2351 voluntate
928 2294 1032 2350 nostru
1055 2305 1153 2368 neque
1169 2287 1357 2354 detrahimus

205 2386 391 2468 quidquam,
408 2400 507 2465 neque
520 2382 702 2462 derogamus
716 2383 844 2447 aliorum
856 2384 975 2463 juribus
990 2385 1158 2466 presertim
1176 2385 1356 2467 episcopalis

205 2501 328 2559 mense,
342 2488 395 2545 ant
402 2481 554 2545 seminarii
567 2481 713 2545 clericalis
723 2498 812 2560 super
824 2480 1034 2544 ecclesiasticis
1044 2482 1220 2560 Beneficiis,
1232 2484 1277 2547 vel
1290 2484 1357 2546 aliis

205 2579 311 2657 bouls,
337 2579 447 2659 quibus
462 2578 610 2641 hactenus
628 2578 710 2639 fruiti
730 2577 791 2640 sint
812 2577 962 2640 societatis
974 2580 1045 2640 lesu
1068 2578 1255 2657 sacerdotes3
1282 2582 1355 2659 quin

205 2666 321 2739 intacta
339 2675 389 2737 illa
411 2693 446 2735 ac
466 2674 557 2736 illaesa
574 2674 686 2737 servari
700 2674 856 2752 volumus,
871 2682 901 2737 et
920 2676 944 2737 si
961 2694 1027 2756 qua
1045 2676 1083 2737 de
1101 2676 1139 2739 iis
1151 2679 1356 2739 controversis

205 2772 355 2848 inciderit,
366 2771 504 2834 eamdem
518 2771 584 2849 jam
597 2788 678 2835 nuuc
693 2771 731 2834 ad
744 2779 880 2834 nostram
892 2772 1095 2853 cognitionem
1110 2790 1145 2836 ac
1157 2773 1356 2854 apostolicum

201 2869 353 2948 judicium
371 2887 544 2932 armamus.
568 2870 638 2930 Haec
648 2875 735 2945 sunt,
759 2869 868 2933 dilecte
879 2868 933 2948 tili,
948 2889 1016 2950 quae
1029 2870 1069 2932 ad
1082 2876 1112 2933 te
1124 2870 1355 2951 perscribenda,

204 2975 323 3049 tumque
351 2967 441 3045 fidei,
459 2985 513 3049 per
533 2967 595 3031 Nos
617 2965 834 3031 committenda
850 2985 915 3029 esse
943 2967 1101 3043 duximus,
1122 2965 1282 3048 exquibus
1304 2967 1357 3028 in-

204 3067 336 3148 telligere
355 3066 443 3130 facile
460 3072 566 3148 potes,
589 3085 682 3148 quam
701 3085 880 3148 persuasum
898 3066 987 3130 nobis
1008 3066 1046 3128 sit
1070 3065 1109 3128 de
1128 3071 1181 3128 tuo
1204 3063 1235 3125 in
1253 3082 1356 3127 sacrus

203 3181 269 3241 res,
291 3164 425 3227 divinum
437 3164 570 3241 cultum,
585 3181 621 3225 ac
635 3163 806 3226 animumm
822 3163 951 3226 salutem
971 3163 1083 3241 studio,
1098 3168 1304 3244 quantumque
1323 3161 1355 3223 in

199 3259 251 3321 his
269 3260 375 3337 rebus,
387 3279 455 3341 quae
470 3260 564 3322 Nobis
580 3260 744 3322 maximam
766 3259 904 3338 injiciunt
924 3259 1167 3337 sollicitudiuem,
1182 3258 1355 3339 diligentia,

204 3353 366 3432 sedulitati,
377 3373 413 3417 ac
431 3354 584 3417 industria
597 3364 654 3417 tues
664 3356 842 3421 tribuamus.
857 3361 954 3434 Quam
965 3365 1099 3421 nostram
1110 3359 1148 3420 de
1163 3365 1194 3420 tc
1204 3357 1357 3419 existima·

205 3452 318 3514 tionem
337 3470 408 3514 cum
426 3452 556 3533 plurima
570 3453 723 3534 pontificia
741 3455 946 3519 benevolentia
960 3456 1120 3535 conjungi,
1135 3461 1169 3519 ut
1189 3455 1243 3518 tibi
1261 3453 1357 3534 magis

204 3568 384 3634 persuasum
395 3570 461 3615 esse
475 3553 583 3634 possit,
596 3553 627 3614 in
637 3554 772 3632 ejusdem
784 3555 893 3636 pignus
907 3553 1105 3636 apostolicam
1115 3551 1357 3616 benedictionem

211 3650 278 3729 tibi,
292 3649 400 3713 dilecte
412 3649 479 3728 tibi,
501 3656 614 3731 tuoque
631 3651 819 3714 nobilissimo
832 3652 931 3715 ordini
949 3656 1142 3733 peramanter
1153 3649 1354 3732 impertimur.

204 3751 319 3810 Duum
333 3753 368 3809 ia
382 3765 452 3809 arec
467 3747 643 3828 desumpti·
659 3742 839 3812 Albahensis
856 3752 991 3812 diocesis
1006 3750 1056 3811 dic
1070 3759 1108 3811 20
1122 3748 1250 3810 octobris
1266 3757 1357 3818 ltus,

202 3845 393 3925 pontificatus
403 3849 497 3907 nostin·
509 3862 589 3908 cuno
596 3850 708 3926 primo.
