3194 5354
315 518 366 577 282
746 514 948 571 CLEMENTIS
964 515 1031 569 xlv
1085 558 1087 563 .

314 622 474 686 comniode
487 640 524 684 ac
534 622 674 684 decenter
685 622 852 684 satisfactos
864 622 1030 702 supererint
1041 619 1253 697 transterendi,
1266 619 1361 701 atque'
1373 621 1467 702 appli-

314 718 401 781 candi
419 719 459 780 ad
473 718 671 781 sublevandos
683 737 848 799 pauperes,
869 725 921 779 aut
931 717 1082 798 parochos
1095 723 1148 778 aut
1163 715 1221 777 alia
1231 715 1282 795 pia
1292 734 1388 796 opera
1400 735 1467 797 que

313 816 530 898 opportuniora
542 815 732 877 ridebuntur.
742 816 804 877 Nos
812 814 952 896 quidem,
965 811 1179 891 uthujusmodi
1187 811 1344 875 securitates
1356 812 1468 894 imper·

314 913 440 974 tiremur
456 912 541 973 unice
552 911 666 974 inducti
676 912 788 973 fuimus
799 906 1263 992 perspectissimaNobispietnte
1274 925 1311 968 ac
1321 907 1467 988 religione

313 1007 478 1087 Maiestatis
493 1010 583 1085 Tuae,
605 1027 698 1088 quam
718 1008 883 1070 certissime
903 1007 1016 1069 scimus
1035 1005 1143 1067 divina
1163 1005 1265 1084 gloria
1278 1004 1467 1067 incremento

313 1122 399 1166 varas
411 1122 512 1166 rerum
527 1104 669 1167 utilitates
683 1105 898 1167 aestimaturam
911 1112 942 1166 et
952 1103 1177 1183 diligentissima
1186 1108 1373 1179 curaturam,
1390 1109 1425 1165 ut
1434 1103 1466 1165 in

313 1201 523 1281 religiosorum
534 1202 654 1264 familiis
666 1201 739 1263 nihil
754 1201 810 1262 nisi
823 1219 860 1263 ex
872 1200 963 1261 diuini
977 1201 1077 1262 cultus
1091 1199 1259 1261 rationibus
1273 1199 1464 1261 immutetur.

313 1299 371 1361 Sed
387 1299 531 1380 quoniam
550 1300 615 1380 ipsa
629 1299 670 1361 rei
685 1299 815 1380 grauitas
827 1299 932 1362 auxios
943 1300 1004 1360 Nos
1015 1297 1112 1359 reddit
1126 1317 1161 1359 ac
1172 1297 1312 1360 sollicitos
1323 1304 1355 1359 at
1367 1300 1465 1361 vereri

314 1394 435 1458 facitne
446 1396 783 1477 quidpraeternostram
796 1417 832 1459 ac
843 1406 928 1460 tuam
946 1399 1133 1460 voluntatem
1146 1397 1216 1474 liat,
1231 1397 1370 1478 teipsam
1392 1398 1467 1459 allo

313 1494 365 1575 qui
380 1493 461 1556 hisce
475 1494 580 1556 litteris
599 1495 754 1571 volumus,
773 1502 862 1575 teque
884 1494 921 1556 ad
933 1513 1055 1556 omnem
1069 1512 1195 1575 operam
1209 1512 1245 1555 ac
1261 1493 1464 1573 diligentiam,

313 1609 406 1670 quam
420 1598 472 1653 tua
488 1600 594 1673 sponte
617 1592 789 1654 adhibitura
808 1611 859 1669 es,
874 1593 966 1655 etiam
988 1591 1197 1654 cohortatione
1220 1610 1254 1652 ac
1278 1591 1466 1670 flagitatione

312 1696 415 1750 nostra
427 1689 590 1769 impellere.
603 1688 709 1768 Agitur
718 1687 816 1763 enim,
831 1695 864 1749 ut
877 1688 1020 1768 praeclare
1031 1686 1125 1763 uides,
1139 1685 1291 1748 carisium
1299 1685 1331 1746 iu
1342 1685 1465 1749 Christo

313 1785 374 1846 lilia
390 1793 510 1862 nostra,
526 1785 564 1848 de
587 1804 635 1861 re,
659 1804 725 1864 quae
747 1783 886 1847 Ecclesiae
900 1784 1032 1847 maxime
1047 1783 1163 1845 intersit
1177 1791 1208 1845 et
1218 1789 1333 1846 nostras
1355 1801 1466 1846 omues

312 1899 400 1943 curas
411 1881 646 1961 etcogitationes
655 1883 801 1963 exposcit.
815 1884 890 1944 Cum
897 1883 1033 1945 Christus
1042 1883 1187 1944 Dominus
1196 1881 1287 1944 Nobis
1296 1880 1464 1943 Ecclesiam

313 1995 400 2038 suam
422 1978 584 2056 tuendam,
601 1998 638 2040 ao
660 1979 822 2058 regendam
837 1981 1111 2057 commendaverit,
1135 1987 1167 2042 et
1187 1987 1220 2042 tu
1242 1979 1307 2060 ipsa
1326 1978 1463 2057 ejusdem

312 2072 420 2135 Christi
441 2073 580 2136 Ecclesia
597 2081 726 2156 patrona
740 2082 771 2137 et
793 2076 832 2139 sis
845 2084 876 2138 et
896 2077 1125 2158 nuncupaveris.
1147 2078 1246 2150 Quare
1268 2075 1307 2137 ad
1323 2081 1463 2137 nostrum

311 2187 423 2232 munus
435 2170 556 2247 attinet,
574 2178 606 2232 nt
617 2189 725 2252 nequa
738 2172 829 2234 diuini
842 2175 947 2238 cultus·
956 2175 1143 2252 imminutio,
1156 2174 1320 2237 autminus
1333 2194 1420 2256 taqua
1433 2175 1463 2237 iu

312 2267 425 2346 populo
436 2266 538 2347 opinio
549 2268 689 2330 ordinum
702 2288 737 2331 ac
749 2271 898 2351 religionis
910 2272 1116 2334 ministrorum
1133 2272 1202 2333 inde
1213 2271 1340 2349 oriatur,
1352 2272 1464 2354 nequid

313 2362 512 2426 immoderate
527 2365 596 2442 liat,
615 2365 744 2446 denique
765 2387 803 2430 ne
815 2367 962 2446 judicium
977 2375 1114 2431 nostrum
1134 2369 1164 2430 in
1184 2368 1281 2430 divini·
1295 2367 1399 2447 judicii
1419 2388 1464 2432 se

313 2459 469 2521 veritatem
489 2468 579 2540 atque
599 2461 888 2526 animadversionem
910 2465 1053 2527 incurrat.
1072 2466 1120 2527 Ad
1140 2467 1343 2529 amovendum
1362 2468 1464 2532 istius-

313 2554 396 2619 modi
415 2557 555 2619 timorem
578 2560 765 2636 Maiestatem
786 2565 884 2624 Tuam
906 2582 1065 2643 rogamus,
1089 2564 1239 2625 omniaut
1259 2564 1339 2626 ellici
1361 2585 1462 2644 cuma,

313 2649 386 2711 nihil
407 2659 556 2714 eteorum
571 2657 757 2735 pretermitti
780 2659 878 2735 sinas,
898 2679 964 2740 qua
987 2661 1026 2723 ad
1045 2661 1252 2742 grarvtssimam
1266 2680 1332 2725 nem
1350 2664 1409 2728 rite
1428 2683 1464 2727 ac

313 2748 389 2809 hene
411 2750 573 2829 gerendam
596 2752 760 2816 conferant.
785 2757 846 2817 Nos
870 2767 1031 2840 propterea
1053 2760 1084 2821 in
1103 2760 1220 2820 litteris
1250 2759 1289 2821 ad
1313 2763 1464 2824 Nuncium

312 2850 451 2907 nostrum
464 2846 560 2925 datis,
575 2849 704 2911 eundem
717 2851 804 2913 valde
822 2851 935 2916 hortati
949 2874 1054 2918 sumus
1064 2901 1072 2933 ,
1083 2855 1171 2936 eiquo
1182 2857 1465 2921 commendavimus

314 2943 345 3004 id
365 2945 448 3025 quod
469 2952 499 3006 te
522 2946 619 3027 ipsam
642 2967 698 3028 pro
720 2950 831 3012 eximia
847 2959 901 3014 tua
920 2953 1031 3034 pietate
1049 2953 1173 3015 omnino
1187 2954 1263 3015 velle
1285 2972 1321 3015 ae
1335 2940 1465 3036 probare

311 3042 451 3106 duximus
457 3090 466 3122 ,
480 3043 622 3108 nimirum
632 3052 666 3108 ut
676 3048 715 3109 ab
726 3049 869 3132 episcopo
890 3051 1064 3132 inquorum
1084 3051 1202 3114 dioeeesi
1212 3052 1269 3113 sita
1288 3059 1360 3115 sunt
1372 3072 1466 3135 regu-

311 3141 420 3204 larium
432 3146 614 3206 monasteria
624 3145 662 3205 de
674 3166 777 3208 rerum
790 3150 926 3212 omnium
941 3158 1022 3213 statu
1033 3151 1221 3231 exquireret,
1238 3157 1270 3212 et
1285 3169 1346 3212 uon
1364 3152 1462 3214 solum

311 3239 349 3300 de
361 3240 506 3302 reditibus
515 3244 781 3319 monasteriorum,
797 3264 902 3310 verum
921 3248 1173 3330 etiam'pracipue
1185 3247 1224 3311 de
1235 3248 1462 3330 opportunitate

311 3335 519 3413 religiosorum
538 3338 688 3418 virorum,
703 3348 735 3402 et
753 3342 901 3422 utilitate,
919 3364 1013 3426 quam
1036 3347 1106 3410 inde
1127 3347 1312 3409 Christianus
1332 3349 1461 3428 populus

311 3435 428 3513 capiat,
451 3433 658 3516 interrogaret.
683 3440 729 3499 Tu
749 3440 814 3521 ipsa
835 3444 978 3523 preclare
1001 3443 1158 3525 intelligis,
1186 3451 1334 3525 quantum
1360 3446 1461 3508 valere

312 3527 427 3607 possint
440 3529 477 3590 ad
488 3530 643 3592 veritatem
654 3536 873 3615 assequendam
883 3558 990 3603 eorum
1000 3541 1186 3615 testimonia,
1197 3542 1250 3622 qui
1260 3541 1462 3623 speculatores

312 3644 349 3686 ac
359 3626 498 3706 presides
509 3627 539 3690 iu
553 3647 607 3690 sua
620 3631 747 3713 quisque
757 3633 876 3698 dioecesi
889 3645 959 3698 sunt
973 3637 1138 3700 constituti.
1155 3640 1231 3701 Cum
1244 3638 1298 3721 ipsi
1312 3656 1463 3720 superva-

311 3744 441 3811 caneum
463 3747 527 3790 esse
550 3728 744 3794 affirmabunt
764 3751 924 3796 numerum
944 3736 1154 3816 religiosorum
1178 3737 1327 3815 virorum,
1343 3737 1462 3800 redun-

311 3823 416 3883 dantes
442 3823 576 3904 ipsorum
601 3829 731 3907 reditus,
756 3848 868 3911 eosque
894 3832 996 3895 minus
1019 3841 1207 3915 opportunos
1233 3834 1273 3896 ad
1295 3833 1463 3916 spiritualia

311 3922 476 3985 ministeria
489 3924 627 3987 obeunda
648 3934 796 4006 asserent,
811 3936 885 3991 tuuc
898 3948 955 3992 uec
968 3930 1060 3994 divini
1082 3931 1187 4011 judicii
1204 3939 1304 3995 metus
1324 3950 1384 3995 uec
1402 3933 1463 3996 ulla

310 4023 464 4086 dubitatio
477 4042 541 4085 essc
554 4026 679 4105 poterit,
695 4028 767 4107 quin
788 4047 824 4089 ea
838 4029 962 4092 consilia
978 4031 1148 4111 capiantur,
1162 4049 1230 4112 que
1240 4030 1342 4111 gregis
1352 4031 1463 4093 Christi

310 4119 429 4182 utilitati
444 4126 534 4182 eruut
547 4123 831 4187 accommodatiora.
848 4128 919 4201 Qua
932 4134 1033 4189 autem
1053 4128 1236 4190 monasteria
1249 4146 1286 4189 ex
1299 4127 1464 4208 episcopo-

310 4230 379 4276 rum
391 4217 538 4279 sententia
549 4225 700 4281 constaret
711 4228 883 4303 opportuna
896 4225 1181 4305 essepromoveudae
1200 4223 1463 4306 populorum-pie·
1522 4293 1527 4305 ,

307 4311 366 4370 tati
378 4314 545 4377 erudienda
557 4317 708 4394 juventuti
722 4319 809 4381 utilia
819 4327 909 4399 atque
921 4329 991 4402 apta
1012 4322 1178 4404 apostolico
1192 4319 1359 4385 ministerio
1371 4319 1463 4400 adju-

312 4405 411 4468 vando
430 4411 496 4488 (qui
520 4421 590 4475 tuus
610 4423 656 4476 est
676 4414 825 4494 religionis
845 4423 935 4496 atque
955 4419 1102 4498 equitatis
1123 4421 1227 4496 amor)
1250 4425 1284 4480 tu
1298 4417 1365 4500 ipsa
1380 4423 1463 4480 certe

312 4503 374 4584 pati
388 4521 448 4567 nou
462 4525 583 4588 posses,
597 4520 630 4575 ut
644 4512 815 4591 hujusmodi
829 4517 1008 4579 monasteria
1018 4517 1080 4580 suis
1098 4517 1185 4580 bouis
1193 4563 1201 4596 ,
1219 4517 1348 4599 populos
1360 4515 1458 4579 subsi-
