3194 5354
336 493 387 546 280
765 487 966 552 mellentis
985 488 1053 552 xlv

335 591 495 653 dvenionis
511 596 542 652 et
563 576 727 662 Comitatus
741 590 888 652 Venaisini
904 592 1120 672 possessionem
1141 592 1194 652 abs
1211 599 1241 653 te
1253 595 1403 656 revocatis
1413 596 1483 677 pul.
1517 622 1525 639 .

334 688 516 759 cherrimum
525 686 638 759 lactum
647 694 678 748 et
687 686 845 749 consilium
856 688 916 750 hoc
927 696 1013 752 tuum
1023 690 1348 772 sapientia,aequitate‚
1361 712 1482 775 magna-¹

334 790 470 852 nimitate
483 794 536 850 tua
547 787 770 868 dignissimum,
785 787 841 848 etsi
854 787 977 858 minime
989 784 1168 872 insperatum
1180 788 1340 851 accidisset
1353 797 1419 852 tam
1434 792 1482 853 in-

334 886 506 949 credibilem
519 885 625 948 laetitia
639 884 771 947 fructum
782 885 875 947 Nobis
885 885 1000 961 attulit,
1011 892 1047 946 ut
1059 903 1181 949 omnem
1193 885 1230 947 de
1240 893 1269 948 te
1281 904 1368 967 spem
1377 905 1482 969 expec-

333 985 535 1064 tationemque
547 988 681 1044 nostram
690 979 816 1043 mirifice
822 981 997 1044 cumularit.
1012 982 1155 1044 Incolumi
1166 982 1483 1047 suaEcclesiaditione

333 1083 480 1160 restituto,
491 1080 583 1142 Nobis
594 1098 654 1141 una
664 1079 747 1161 pacis
757 1086 789 1140 et
804 1079 969 1141 concordie
979 1078 1212 1158 jucunditatem,
1224 1099 1284 1161 qua
1296 1080 1370 1142 nihil
1382 1083 1481 1145 carius

333 1187 423 1259 atque
437 1178 568 1258 optatius
581 1176 745 1254 habemus,
759 1176 911 1238 reddidisti
922 1224 930 1253 ,
943 1185 973 1239 et
984 1178 1145 1259 praestitisti
1155 1178 1202 1239 his
1220 1179 1368 1260 praeclare
1382 1189 1442 1243 tue
1452 1182 1481 1243 in
1575 1218 1578 1225 ·

329 1277 393 1337 Nos
403 1274 564 1336 voluntatis
572 1272 827 1342 indiciisveterem
837 1279 867 1335 et
880 1279 1018 1336 mutuam
1028 1275 1106 1335 inter
1112 1275 1174 1336 Nos
1184 1274 1399 1337 benevolentiae
1410 1295 1482 1338 eon-

327 1371 515 1447 junctionem
532 1367 732 1451 amplificasti.
745 1369 806 1430 Nos
821 1368 954 1449 quidem,
974 1369 1125 1431 carissime
1136 1369 1167 1443 in
1179 1368 1297 1430 Christo
1309 1369 1353 1431 lili
1366 1377 1478 1445 noster,

328 1467 377 1528 his
386 1466 611 1547 egregiistuisin
621 1467 682 1527 Nos
689 1464 1043 1547 studiisobstricti,quam
1050 1464 1211 1536 referende
1220 1465 1273 1526 tibi
1281 1466 1480 1545 gratiuratio-

330 1583 399 1636 nem
410 1563 556 1633 habemus
565 1563 632 1624 ullis
645 1562 744 1624 verbis
753 1562 826 1625 satis
834 1563 952 1644 assequi
961 1582 1131 1644 possumus.
1143 1564 1176 1625 ld
1186 1582 1281 1627 unum
1291 1565 1476 1645 profitemur,

326 1668 421 1741 ‚atque
435 1661 621 1723 assumamus
640 1660 679 1722 ad
690 1665 821 1741 peteme
833 1667 940 1724 nostre
951 1678 1022 1741 erga
1033 1668 1062 1722 te
1078 1661 1211 1724 caritatis
1224 1661 1478 1742 magnitudinem,

329 1759 438 1822 miram
454 1758 606 1838 quandam
624 1757 823 1827 accessionem
841 1776 905 1821 esse
918 1757 1040 1838 factam,
1051 1766 1082 1821 et
1094 1780 1165 1823 cum
1179 1763 1365 1843 Majestctem
1379 1764 1479 1824 Tuam

330 1856 471 1935 singulari
486 1855 587 1917 animo
598 1855 746 1938 complexi
760 1873 879 1938 semper
892 1856 1004 1936 simus,
1020 1857 1058 1920 ad
1069 1865 1099 1920 tc
1115 1861 1212 1940 magis
1225 1861 1256 1922 iu
1269 1859 1332 1928 dies
1346 1858 1479 1940 diligen-

329 1952 415 2029 dum,
429 1959 518 2033 atque
527 1952 667 2014 omnibus
674 1952 766 2015 nostri
774 1953 886 2015 amoris
892 1952 1000 2016 officiis
1008 1956 1251 2036 prosequendum
1256 1954 1412 2024 excellenti
1420 1955 1479 2018 hac

329 2060 381 2116 tue
395 2051 507 2133 pietate
515 2054 577 2114 Nos
591 2053 702 2114 mirum
715 2053 746 2114 in
760 2052 886 2115 modum
901 2055 1086 2119 commoveri
1101 2062 1191 2138 atque
1205 2057 1335 2121 incendi.
1348 2057 1478 2120 Proinde

328 2147 402 2210 nihil
418 2154 575 2229 tantopere
592 2147 748 2228 cupimus,
766 2166 858 2227 quam
876 2154 910 2224 ut
924 2149 1016 2212 Noltis
1040 2153 1281 2233 opportunitates
1298 2161 1476 2236 suppetant,

325 2242 438 2323 ‚quinus
451 2243 505 2319 tibi
519 2249 641 2324 gratum
656 2243 738 2305 hunc
749 2249 886 2306 nostrum
905 2243 1039 2307 animum
1056 2253 1088 2309 et
1099 2248 1188 2310 relius
1201 2249 1231 2311 in
1246 2249 1477 2331 omnibusque

329 2344 367 2418 ab
379 2344 584 2409 amantissimo
596 2350 720 2424 parente
737 2343 769 2404 in
786 2341 976 2404 carissimum
988 2342 1084 2406 lilium
1097 2345 1247 2426 proticisci
1260 2347 1393 2429 possint,
1403 2366 1476 2430 pon

328 2438 412 2510 tilicii
426 2441 519 2502 nostri
538 2441 567 2501 in
580 2446 610 2501 te
624 2439 712 2500 studii
724 2438 962 2521 magnitudinem
972 2441 1214 2522 comprobemus.
1229 2445 1292 2506 llas
1303 2443 1476 2525 gratissime

328 2544 438 2612 nostre
458 2537 535 2611 inte
555 2536 716 2599 uoluntatis
736 2537 966 2617 significationes
980 2537 1154 2618 adjuturum
1167 2543 1204 2602 D.
1222 2540 1319 2602 filium
1339 2547 1475 2604 nostrum

328 2632 522 2699 Franciscum
536 2632 728 2693 loachimum
740 2634 771 2693 S.
784 2635 820 2704 lt.
832 2636 868 2694 E.
884 2633 1068 2708 cardinalem
1075 2636 1114 2698 de
1124 2639 1346 2720 Bernis,quem
1355 2639 1396 2701 ob
1406 2657 1476 2701 suas

327 2731 453 2801 eximias
465 2731 588 2808 uirtutes
603 2738 634 2792 ot
646 2730 686 2792 ob
697 2729 847 2814 egregiam
858 2731 889 2791 in
900 2731 1038 2812 gerendis
1049 2733 1140 2804 rebus
1150 2735 1232 2817 apud
1240 2736 1302 2803 Nos
1314 2735 1375 2798 tuis
1387 2735 1475 2804 tidem

327 2818 461 2908 studium
483 2835 514 2903 et
531 2827 723 2911 prudentiam
748 2827 890 2908 singulari
916 2828 1123 2895 benevolentia
1143 2839 1234 2915 atque
1256 2833 1475 2901 existimatione

327 2928 547 3012 prosequimur,
561 2936 593 2987 et
615 2931 739 2988 testatos
757 2923 905 3002 ltlajestati
919 2926 990 2987 Ture
1012 2925 1161 3002 lecturum
1184 2928 1381 3008 confidimus,
1401 2948 1476 3012 quos

327 3027 368 3090 illi
387 3045 489 3089 coram
515 3043 592 3106 sepe
606 3023 796 3106 operuimus,
820 3022 963 3085 mirificos
985 3023 1099 3106 tibique
1121 3025 1361 3095 devinctissimus
1384 3026 1475 3098 animi

327 3128 420 3190 nostri
439 3144 555 3190 sensus.
572 3123 629 3186 Sed
641 3123 756 3186 nullam
772 3121 921 3204 potiorem
931 3121 1093 3184 reserenda
1104 3123 1208 3203 gratim
1217 3123 1366 3187 rationem
1379 3123 1475 3185 habe-

326 3245 411 3302 mus,
422 3241 515 3306 quam
522 3222 546 3285 si
557 3222 643 3299 cuius
653 3220 684 3282 in
696 3220 780 3282 terris
792 3219 870 3281 vices
877 3219 1024 3300 gerimus,
1036 3221 1102 3299 eius
1114 3239 1216 3302 opem,
1228 3226 1318 3303 atque
1330 3221 1473 3283 auxilium

327 3323 365 3386 ad
373 3322 467 3384 nostri
473 3319 563 3383 officii
573 3326 673 3399 partes
682 3316 961 3398 etiamprestandas
969 3316 1160 3378 advocemus.
1174 3318 1262 3379 lllum
1271 3317 1372 3399 itaque
1381 3317 1473 3378 obse-

325 3438 448 3481 cramus
461 3424 496 3479 ut
508 3436 563 3498 pro
576 3416 623 3478 his
635 3416 695 3477 tuis
706 3415 831 3495 egregiis
844 3415 874 3475 in
893 3413 1057 3480 Ecclesiam
1072 3433 1107 3486 ac
1127 3416 1188 3478 Nos
1205 3414 1319 3483 utentis
1331 3422 1360 3477 te
1371 3415 1473 3476 omni-

327 3519 383 3580 bus
395 3516 501 3581 divine
518 3533 581 3578 suae
590 3513 756 3577 clementia
768 3511 921 3576 beneficiis
932 3522 1040 3593 augeat
1054 3519 1086 3575 et
1100 3513 1245 3593 Majcstati
1260 3513 1472 3593 tureoptatis÷

325 3616 417 3679 simos
438 3632 574 3697 quosque
596 3630 750 3675 successus
769 3611 861 3691 Regni
883 3629 918 3671 ac
935 3609 1032 3690 Regia
1045 3611 1175 3672 Familia
1190 3609 1356 3673 felicitatem
1371 3608 1472 3690 largiri

325 3715 560 3778 cumulatissime
581 3712 662 3774 velit.
678 3712 719 3773 Ut
737 3716 803 3773 rata
822 3709 969 3790 firmaque
982 3708 1040 3771 sint
1052 3716 1123 3772 vota
1145 3709 1207 3772 lraec
1221 3715 1332 3785 nostra,
1344 3709 1474 3771 coelestis

270 3834 273 3839 ·
324 3812 427 3892 gratie
437 3813 588 3892 auspicem
596 3809 790 3891 apostolicam
802 3807 1040 3870 benedictionem
1054 3805 1303 3887 Regiaeltlejestati
1315 3807 1391 3869 Tuae
1402 3807 1474 3883 tuis·

324 3929 384 3992 que
393 3907 648 3990 praestantissimis
657 3907 772 3970 Liberis
785 3906 989 3969 amantissime
1003 3906 1201 3988 impertimur.
1223 3908 1339 3970 Datum
1353 3907 1472 3975 Rome,

324 4009 693 4090 opudSonctcmMcriem
702 4009 857 4084 timorem,
867 4007 921 4067 seb
937 4006 1343 4080 Anautol’ncaroriedeee
1355 4005 1475 4067 ‹lecent-¹

325 4108 384 4175 laris
399 4118 489 4185 1773,
504 4107 696 4186 pontificatus
710 4109 807 4169 nostri
821 4124 900 4174 oeno
920 4108 1034 4183 quinto.
