3194 5354
181 503 233 552 348
609 497 810 553 CLEMENTIS
826 498 892 552 XlV

180 604 377 680 exercitibus,
392 604 520 665 ditiones
533 605 661 666 Polonie
674 611 833 686 occupant,
846 604 959 665 incolas
972 609 1002 664 et
1015 603 1167 680 subditos,
1182 605 1221 665 ad
1236 607 1326 667 tillem

182 703 211 762 in
224 702 315 763 verba
327 719 382 762 sua
392 701 588 780 jurejurando
596 701 847 778 confirmandam,
859 701 890 762 ni
901 707 932 761 et
943 699 1031 761 minis
1043 700 1177 780 adigrmt.

221 800 272 858 lla
285 805 371 874 sunt,
383 797 672 875 Beatissime·Pater,
682 799 794 860 eadem
809 799 901 874 aule,
915 796 1095 877 quibuscum
1106 794 1179 858 olim
1192 799 1329 859 auctori-

182 902 243 955 tate
251 911 441 955 summorum
451 894 640 974 pontificum,
652 894 735 956 Pauli
747 896 773 955 ll
781 913 851 956 cum
866 894 994 971 Prussis,
1015 893 1148 972 Gregorii
1169 896 1236 955 Xlll
1257 912 1328 957 cum

180 989 326 1070 Moschis,
339 993 412 1053 Sixti
426 993 532 1054 chm
548 992 687 1055 mliversa
701 991 792 1053 domo
803 991 979 1066 austriaca,
990 989 1140 1068 omni-juri
1153 990 1185 1050 in
1197 992 1329 1052 Potoniai

179 1091 326 1167 ditiones,
339 1089 514 1170 interposito
523 1087 719 1168 jurejurando
727 1092 884 1168 perpetuo,
896 1095 926 1148 et
936 1086 968 1148 in
980 1086 1097 1165 singida
1105 1085 1206 1165 capita
1216 1104 1327 1147 renutr-

180 1188 290 1265 eianti,
311 1206 370 1268 pax
385 1194 432 1250 est
448 1187 627 1264 constituta,
641 1183 793 1248 cessatum
814 1203 871 1265 pro
884 1191 970 1263 parte
983 1181 1113 1245 Poloniai
1133 1183 1171 1243 ab
1191 1183 1284 1244 armis
1297 1191 1329 1244 et

182 1283 323 1345 victoriis.
940 1328 942 1332 »

221 1382 319 1452 Quare
335 1396 404 1438 cunr
424 1378 552 1439 Potoniaa
565 1396 707 1457 regnum,
725 1395 816 1439 sacrae
829 1376 1008 1457 pontificum
1023 1376 1192 1438 auctoritati
1207 1394 1327 1457 semper

182 1476 367 1556 obsequens,
382 1476 447 1552 ejus
463 1482 556 1550 nutu,
569 1474 736 1536 commodis
748 1473 946 1555 amplissimis,
957 1491 1021 1535 sese
1037 1471 1137 1535 animo
1151 1473 1256 1535 libenti
1271 1474 1326 1534 ab·

182 1570 302 1649 dicans,
315 1590 395 1632 nunc
403 1572 441 1632 ab
451 1571 557 1632 iisdem
566 1571 746 1652 supradictis
756 1570 956 1652 principibus,
969 1570 996 1629 vi
1007 1578 1038 1631 et
1047 1569 1136 1630 armis
1147 1588 1326 1649 oppressum

182 1669 237 1746 sit;
254 1669 292 1730 ad
306 1672 348 1730 Te
364 1671 485 1730 Patrem
500 1667 652 1748 confugit,
677 1687 767 1749 opem
790 1667 993 1749 implorando,
1014 1675 1048 1727 ut
1061 1668 1164 1729 Vestra
1177 1669 1329 1731 Sanctitas

183 1767 352 1828 christianis
366 1766 554 1847 Principibus
565 1785 716 1828 summam
735 1766 874 1844 injuriam
886 1771 1020 1826 nostram
1031 1765 1071 1826 ob
1084 1763 1185 1825 oculos
1196 1782 1325 1844 ponere.

182 1862 456 1939 cohortationibus,
471 1863 697 1943 rationibusque
709 1860 1075 1924 accommodatiseosdem
1084 1859 1242 1938 inducere,
1253 1862 1328 1942 quin

184 1960 313 2022 Poloniae
324 1961 393 2039 jura
409 1961 490 2021 salva
503 1966 534 2021 et
542 1960 675 2040 integra,
688 1966 776 2041 prout
788 1959 908 2021 luerunt
917 1958 1079 2034 hactenus,
1093 1975 1152 2019 una
1161 1975 1232 2020 cum
1241 1958 1329 2022 ditio

183 2056 288 2132 nibus,
301 2056 508 2134 restituantur,
520 2055 649 2136 benigne
659 2055 809 2136 dignetur.

223 2152 349 2214 Dederat
371 2151 401 2213 id
416 2152 488 2214 olim
508 2151 582 2213 divae
604 2152 756 2215 memoriae
769 2150 940 2213 Sanctitatis
957 2151 1069 2210 Vestrae
1087 2152 1239 2212 Decessori
1259 2153 1329 2214 Cle-

183 2251 274 2312 menti
294 2253 361 2312 Xlll
382 2251 604 2331 Angustissima
615 2250 790 2332 Imperatrix
805 2251 917 2332 Regina
928 2250 1118 2332 Apostolica‚
1139 2260 1172 2313 ut
1191 2271 1245 2326 ea,
1264 2273 1329 2335 qua

182 2347 327 2425 consitiis,
344 2354 408 2409 tum
421 2346 590 2424 electionis,
604 2354 668 2409 tum
683 2346 884 2424 coronationis
900 2355 1026 2426 nostre,
1043 2357 1111 2410 acta
1124 2348 1252 2429 luerint,
1265 2360 1329 2413 rata

183 2443 321 2505 habuerit
329 2468 338 2521 ;
347 2443 613 2506 oonoedetEadem
622 2443 792 2505 auctoritati
803 2444 975 2506 Sanctitatis
984 2445 1108 2522 Vestrae,
1119 2451 1269 2526 utquaeex
1280 2447 1328 2508 in·

183 2538 282 2600 lausto
295 2541 428 2620 quodam
446 2559 549 2603 rerum
559 2558 708 2603 mucursu
721 2541 836 2621 potius,
848 2559 941 2621 quarn
954 2560 992 2604 ex
1005 2543 1128 2624 proprio
1148 2552 1249 2622 motu,
1264 2551 1327 2605 mm

184 2635 239 2715 pie
251 2637 410 2718 principis,
425 2656 549 2722 arogno
562 2645 666 2700 nostro
681 2639 784 2700 avulsa
797 2638 919 2702 credam
929 2639 1013 2702 lubet
1020 2686 1029 2719 ,
1043 2641 1151 2704 eadem
1164 2641 1239 2722 ipsa,
1251 2641 1326 2721 legi-

144 2770 147 2777 ·
184 2734 259 2797 timo
270 2735 444 2798 restituendi
458 2735 602 2814 Domino,
615 2735 779 2816 gloriosum
799 2735 898 2815 prima
918 2736 990 2798 dare
1005 2738 1075 2798 velit
1094 2738 1275 2819 exemplum.
1293 2740 1329 2800 Et

184 2850 244 2894 non
255 2832 382 2914 despero
396 2832 536 2915 equidem
547 2833 687 2914 precibus
700 2832 771 2911 tuis,
781 2833 889 2895 Sancte
902 2835 1003 2911 Pater,
1012 2835 1329 2917 exhortationibusque

183 2928 242 2992 boc
255 2930 449 3009 tributuram,
461 2948 554 3013 quam
567 2931 644 2993 bene
656 2947 823 2994 memorem
834 2949 959 3009 censeo,
973 2938 1121 3012 quantum
1137 2937 1251 2997 bemus
1263 2937 1330 2998 Au-

184 3026 278 3090 triaca
286 3028 394 3091 debeat
403 3029 472 3092 Sedi
487 3029 681 3111 spostolicae,
691 3030 780 3108 cujus
789 3047 848 3111 ope
860 3031 872 3108 (
882 3029 959 3091 inter
972 3036 1017 3091 tot
1026 3028 1103 3108 alia)
1118 3031 1176 3092 sub
1185 3033 1330 3094 Innocen-

184 3122 226 3186 tio
247 3127 287 3187 Xl
300 3127 461 3201 Pontifioe,
476 3128 606 3190 excitata
618 3127 682 3190 lieo
694 3126 801 3189 eadam
816 3127 941 3189 Polonia
953 3127 1067 3207 proprii
1080 3126 1175 3189 oblita
1188 3128 1313 3208 pericirli
1320 3175 1329 3206 ,

183 3220 221 3281 ad
232 3222 405 3285 salvandam
422 3223 580 3286 obsidione
590 3223 736 3286 Viennam
750 3220 940 3286 consurrexit
948 3224 1098 3302 alacriter,
1112 3225 1271 3308 faustaque
1279 3227 1329 3288 di·

183 3317 315 3394 iniciavit,
327 3328 521 3381 concentum
533 3320 643 3381 abhinc
655 3319 752 3383 annis.
1117 3388 1119 3395 ,

222 3415 260 3472 0!
276 3414 390 3476 utinam
405 3416 529 3478 Polonia
542 3417 583 3478 ob
593 3424 729 3498 receptas
739 3418 927 3497 provincias,
943 3424 1010 3480 tuas
1020 3417 1052 3479 in
1063 3435 1160 3481 aevum
1171 3419 1266 3499 possit
1277 3417 1328 3479 de-

182 3518 305 3572 cantare
318 3512 435 3575 laudesl
450 3516 529 3576 Tum
538 3533 609 3577 vere
617 3514 667 3577 hic
681 3534 763 3578 ames
778 3516 837 3578 dici
852 3519 950 3578 Pater.
964 3518 1042 3578 Deus
1055 3523 1085 3579 ta
1096 3524 1192 3578 servet
1208 3515 1260 3577 diu
1278 3517 1328 3578 in-

183 3609 332 3672 columem
342 3656 350 3687 ,
361 3611 499 3674 Ecclesia
509 3612 591 3688 Sua,
605 3613 758 3693 Regnique
769 3613 827 3675 mei
842 3613 933 3675 bono.
948 3615 1013 3675 Hoc
1023 3621 1110 3676 vovet

301 3734 472 3798 sanctitatis
485 3742 588 3796 vestrae

577 3849 840 3911 Obedientissimus
854 3848 948 3926 lilius,

663 3976 851 4032 sraursmus
866 3979 1048 4037 Aueusrus,
1068 3981 1126 4030 ttae
1144 3973 1275 4029 Poleam.

220 4124 359 4181 llabantur
373 4125 507 4183 Varsatiae
519 4124 563 4181 die
580 4131 613 4180 27
630 4127 730 4182 mensis
742 4127 859 4186 octobris
870 4145 941 4186 anno
952 4129 1063 4186 Domini
1083 4135 1161 4195 1772,
1174 4128 1252 4199 regni
1266 4143 1332 4184 varo

185 4213 237 4266 mel
252 4215 293 4269 llt
304 4230 386 4272 anno.

668 4402 833 4419 -a-u—-ffl‘
