3194 5354
371 523 551 578 El’lS'l'OLAE
572 523 615 576 ET
634 522 768 575 nantia
788 523 1020 578 srztncttont.
1217 531 1270 581 295

122 629 290 705 cernimus,
303 646 336 688 ac
348 645 567 707 praecavemus,
578 644 615 687 nc
627 633 750 708 propter
762 628 930 706 puellarum
940 626 1150 708 predictarum
1161 629 1268 692 admie

123 726 256 804 sionem,
267 726 442 787 monialium
453 726 671 808 professarum,
686 733 718 787 et
727 726 896 788 choralium
907 746 1051 790 numerus
1061 731 1137 791 ultra
1149 729 1268 794 duode-

122 823 241 884 narium
261 823 444 887 diminuatur
462 848 469 884 :
498 824 573 886 adeo
596 831 630 886 ut
645 823 806 887 duodecim
824 826 932 888 saltem
950 827 1095 890 moniales
1111 828 1267 908 prolessae,

122 918 152 979 in
167 919 203 980 iis
218 920 361 983 continuo
376 941 412 984 ac
425 929 570 1002 perpetuo
582 923 782 999 commorari,
802 942 838 986 ac
848 923 992 1003 religiose
1010 925 1077 986 vilae
1093 943 1200 1002 onera,
1213 944 1268 988 nec

121 1033 180 1076 non
194 1015 295 1078 debita
308 1019 408 1090 chori,
422 1025 453 1079 et
464 1019 656 1082 ecclesiarum
676 1038 799 1082 suarum
810 1019 931 1081 servitia
943 1038 1075 1100 congrue
1091 1029 1267 1102 supportare

120 1112 248 1175 debeant
267 1121 298 1176 et
319 1116 449 1178 valeant.
472 1117 617 1191 Quocirca
638 1116 865 1178 Venerabilibus
885 1117 1040 1179 Fratribus
1060 1117 1215 1200 Episcopis
1237 1119 1266 1181 in

120 1213 221 1290 Regno
235 1211 366 1275 Poloniae
379 1223 409 1274 et
418 1215 527 1293 Magno
538 1216 654 1275 Ducatu
664 1211 831 1274 Lithuaniae
845 1212 1014 1275 constitutis
1028 1214 1149 1275 nomine
1162 1222 1267 1278 nostro

118 1309 305 1387 committas,
321 1317 355 1372 ul
365 1311 498 1391 pensatis
507 1311 693 1391 singulorum
704 1311 956 1373 monasteriorum
970 1330 1093 1372 suarum
1104 1313 1267 1393 respectiva

119 1407 290 1470 dioecesium
313 1410 505 1472 facultatibus
532 1431 567 1472 ac
592 1409 839 1486 necessitatibus,
861 1409 964 1470 accitis
989 1411 1080 1470 etiam
1100 1410 1266 1471 eorundem

118 1508 370 1572 monasteriorum
380 1509 561 1573 immediatis
573 1508 792 1591 superioribus,
804 1526 839 1570 ac
853 1506 890 1570 de
901 1526 1007 1570 eorum
1018 1507 1144 1571 cortsilio
1154 1515 1185 1570 et
1196 1528 1267 1571 con-

117 1622 219 1683 sensu,
236 1606 259 1668 si
273 1627 341 1688 quae
351 1608 533 1670 monasteria
553 1607 734 1688 repererint,
749 1625 815 1687 qua
827 1605 943 1686 possint
955 1606 1069 1687 puellas
1083 1607 1198 1688 aliquas
1211 1609 1266 1685 (ab

116 1703 261 1766 Octaviris
272 1705 489 1786 designandas,
502 1706 634 1787 ipsisque
648 1704 805 1766 ordinariis
825 1704 925 1784 quoad
937 1710 1161 1786 paupertatem,
1172 1705 1265 1766 vitam

116 1806 145 1860 et
156 1798 343 1864 honestatem
356 1801 603 1885 approbandas),
621 1802 734 1882 absque
746 1801 866 1864 familiae
877 1802 1023 1882 religiosae
1035 1808 1104 1864 actu
1119 1801 1160 1864 ibi
1183 1804 1265 1865 exis·
1303 1848 1306 1855 ·

116 1899 208 1961 tentis
221 1899 431 1978 incommodo,
445 1903 491 1962 vel
502 1900 697 1978 detrimento,
712 1899 884 1977 caritative,
898 1906 928 1961 et
943 1900 1036 1980 gratis
1049 1900 1198 1982 recipere,
1209 1903 1264 1983 ipsi
1300 1896 1306 1969 ,’

115 2013 171 2075 pro
186 1995 309 2059 arbitrio
321 2043 328 2073 ,
342 2005 371 2057 et
385 1997 544 2080 prudentia
557 2017 612 2060 sua
623 2016 674 2059 eas
686 1997 715 2057 in
725 1996 897 2077 huiusmodi
911 1997 1094 2058 monasteria
1109 1998 1220 2079 recipi,
1235 2009 1265 2058 ct
1300 2045 1303 2060 .

115 2090 232 2154 admitti
247 2095 370 2156 omniuo
381 2093 508 2172 laciant3
529 2094 800 2175 decedentibusque
822 2095 900 2155 ultra
918 2092 1137 2156 dnodenarium
1155 2113 1264 2155 nume-

115 2207 183 2249 rum
191 2190 379 2252 monialibus
395 2190 425 2253 in
447 2211 551 2255 earum
571 2193 672 2255 locum
694 2191 821 2254 totidem
839 2190 912 2253 alias
928 2192 1042 2272 puellas
1063 2190 1217 2268 (similiter
1231 2202 1264 2252 ut

112 2304 204 2366 supra
223 2287 261 2348 ab
278 2288 425 2351 Octoviris
446 2289 659 2370 designandas,
674 2299 705 2352 et
717 2290 755 2352 ab
774 2288 847 2369 ipsis
857 2288 1016 2351 ordinariis
1034 2287 1262 2368 approbandas)

113 2381 313 2464 substituant,
328 2405 364 2448 ac
378 2386 529 2449 sufficiant
545 2411 552 2448 :
566 2387 608 2449 ita
621 2386 704 2468 quod
712 2393 758 2448 tot
771 2386 811 2448 ibi
828 2387 933 2467 puellae
947 2385 1009 2448 iere
1024 2394 1261 2459 commorentur,

111 2479 193 2559 quod
202 2481 339 2546 deductis
346 2485 487 2548 oneribus
498 2485 630 2547 ecclesiae
642 2493 672 2546 et
681 2482 929 2561 monasterii,nec
937 2500 998 2545 non
1007 2499 1141 2561 congrua
1149 2480 1263 2544 duode-

111 2577 169 2638 cim
179 2581 285 2643 saltem
300 2583 476 2646 monialium
493 2584 703 2665 predictarum
714 2581 940 2659 sustentatione,
951 2586 1093 2663 poterunt
1108 2597 1144 2641 ex
1156 2582 1263 2643 annuis

111 2675 286 2757 redditibus,
300 2690 331 2742 et
344 2680 538 2762 proventibus
548 2681 586 2743 ali
600 2687 631 2741 et
643 2679 814 2742 sustentari.
828 2678 912 2753 Quod
925 2679 950 2739 si
961 2676 1069 2738 deinde
1078 2677 1262 2738 monasteria
1366 2670 1368 2674 ’

110 2770 174 2852 ipsa
185 2774 297 2854 aliquid
310 2783 485 2859 paterentur
498 2777 527 2838 in
540 2776 657 2853 lundis,
671 2775 803 2838 edificiis
814 2821 821 2850 ,
834 2774 880 2834 vel
892 2773 1057 2835 redditibus
1068 2770 1192 2833 evidens
1210 2773 1261 2835 de

110 2868 301 2947 trimentum,
312 2890 367 2935 nec
382 2882 504 2954 possent
517 2873 647 2953 amplius
667 2890 811 2933 unacum
825 2871 962 2951 religiosa
972 2869 1085 2932 familia
1097 2887 1203 2930 omnes
1219 2871 1258 2930 ibi

110 2966 287 3029 constitutas
299 2967 500 3031 alimentarias
511 2968 628 3049 puellos
637 2973 822 3044 sustentare,
838 2964 1031 3047 pmvideatur
1041 2982 1094 3044 per
1107 2965 1191 3044 ipsos
1206 2983 1260 3025 or-

109 3063 241 3126 dinarios
254 3072 323 3126 ante
335 3066 436 3127 omnia
454 3066 599 3145 religiosae
618 3065 752 3142 ejusdem
764 3063 886 3124 familia·
904 3060 1132 3139 sustentationi,
1148 3080 1184 3122 ac
1203 3080 1259 3124 ne-

108 3159 244 3222 ‹·essariis
259 3160 431 3224 ministeriis
454 3185 460 3221 :
483 3160 668 3242 proindeque
695 3167 740 3220 tot
760 3159 866 3239 puellm
886 3158 1028 3238 deinceps
1049 3156 1257 3235 admittantur,

109 3278 144 3320 ac
155 3257 386 3336 substituantur,
403 3265 492 3340 quot,
508 3259 645 3321 deductis
656 3257 802 3337 religiosae
813 3257 948 3332 lamiliae,
964 3274 1020 3317 nec
1034 3272 1096 3318 nou
1107 3255 1256 3329 ecclesiae,

109 3374 145 3417 ac
166 3356 340 3417 monasterii
354 3356 596 3431 necessitatibus,
619 3363 761 3437 poterunt
777 3374 813 3416 ex
832 3356 953 3437 reliquis
967 3354 1133 3418 redditibus
1150 3357 1204 3432 ali,
1221 3376 1257 3419 aa

109 3454 279 3515 sustentari.
300 3453 331 3514 Si
349 3471 420 3515 vero
435 3454 535 3534 aliqua
549 3454 675 3516 honesta
693 3454 792 3535 virgo,
808 3454 853 3514 rel
867 3454 957 3516 vidua
976 3453 1015 3515 ad
1027 3453 1256 3516 instructionem

109 3550 273 3628 puellarum
287 3549 455 3612 necessaria
468 3549 632 3625 videretur,
652 3556 682 3610 et
696 3549 734 3610 ab
752 3548 904 3611 ordinario
919 3550 976 3611 loci
995 3567 1135 3629 expresse
1150 3567 1257 3629 appro-

108 3644 240 3723 baretur,
256 3665 324 3708 eam
336 3665 455 3728 quoquc
476 3647 554 3708 inter
573 3647 741 3728 puellarum
762 3647 1017 3709 alimentariarum
1032 3663 1192 3708 numerum
1204 3666 1256 3708 re-

108 3743 220 3804 censeri
232 3789 240 3818 ‚
252 3750 283 3804 et
300 3744 416 3806 admitti
429 3763 519 3825 posse
531 3763 591 3806 non
604 3745 767 3806 renuimus.
785 3747 851 3805 Non
866 3744 1056 3806 obstantibus
1068 3744 1254 3825 apostolicis,

107 3837 278 3917 caeterisque
300 3840 457 3902 contrariis
471 3840 720 3922 quibuscumque.
747 3844 859 3904 Datum
875 3844 989 3912 Romae,
1007 3844 1088 3922 apud
1109 3845 1251 3906 Sanctam

109 3937 235 3994 Mariam
249 3936 401 4013 Maiorem,
417 3939 470 4000 sub
482 3939 605 4002 Annulo
616 3942 790 4010 Piscatoris,
806 3943 855 4002 (tie
871 3953 886 4002 3
902 3947 1007 4002 martit
1022 3954 1112 4014 tm,
1127 3945 1251 4021 pontifi-

108 4039 191 4094 catus
203 4036 296 4094 nostri
308 4052 386 4098 cano
402 4042 516 4117 quinto.

823 4131 856 4185 Λ.
876 4134 971 4188 Caso.
992 4132 1162 4187 dianonus.

590 4276 771 4293 Μ*
