3194 5354
486 479 670 539 EPISTOLAE
686 482 733 535 ET
751 481 885 536 bnssvu
904 481 1140 537 senaculum.
1351 487 1382 537 al

240 590 313 653 iaris
325 607 397 669 erga
413 593 442 649 te
458 587 669 649 benevolentia
693 592 803 648 nostra
817 586 1022 649 testiinonium
1040 586 1094 648 tibi
1112 586 1185 648 dare
1197 605 1258 649 nou
1277 607 1386 668 possu-

239 704 319 764 mus,
332 702 430 765 nequo
442 684 541 763 magis
558 690 616 745 toa
630 701 702 762 erga
716 684 790 759 Nos,
807 700 843 744 ac
857 688 996 745 uncum
1016 681 1095 744 banc
1109 681 1217 746 &dem
1227 681 1332 762 pietati
1348 701 1385 743 ac

239 782 322 845 filiali
338 781 534 843 obsomantire
555 778 750 859 respondere.
772 781 819 840 Ac
838 777 868 840 in
889 778 981 856 bajus
995 777 1111 841 exiruis
1119 777 1260 841 caritatis
1277 778 1386 859 pignus

238 878 435 961 apostolicam
456 877 695 940 benedictionem
710 877 808 958 Regia
823 878 969 955 Majostuti
984 881 1068 957 ibic,
1079 878 1228 958 regiisque
1250 877 1386 958 sponsis,

239 974 359 1054 tuisque
368 973 471 1036 liberis
480 974 620 1036 omnibus
632 973 836 1035 amantissime
849 974 1048 1055 impertimur.
1062 977 1175 1038 Dmam
1187 977 1298 1048 Rmuoe,
1311 982 1384 1051 etc,

240 1073 290 1134 die
311 1075 425 1150 cjssnii
442 1084 531 1149 1770,
543 1074 1083 1152 ponltficotasoostrt'occosecoodo.

716 1304 893 1376 LXXXIII.

644 1461 835 1505 vesamum
858 1462 969 1505 rasam

472 1568 756 1630 SlGISMUNDO
791 1567 1135 1629 eflulsuorfloao
1167 1660 1168 1663 Ἴ

551 1691 801 1741 summobono
817 1691 1063 1742 stblsbuuoeusl

513 1797 774 1875 CLEMENS
809 1798 940 1874 PAPA
976 1796 1091 1873 XIV.

1039 1947 1132 2004 bom,
1146 1951 1162 1994 o
1172 1945 1234 2007 junii
1245 1948 1313 1996 1770.

277 2048 473 2123 Venerabilis,
497 2054 554 2109 ele.
574 2050 756 2130 Accepimus
770 2050 909 2112 volumen
929 2048 1131 2128 Epistularum
1145 2048 1252 2110 Bavari
1269 2049 1375 2127 cujus—

228 2146 300 2207 dam
315 2143 354 2206 ad
367 2145 500 2206 amicum
516 2163 604 2207 suum
623 2145 703 2207 circa
717 2153 898 2227 potestatem
918 2144 1056 2206 Ecclesia
1065 2189 1075 2220 ,
1094 2151 1124 2204 et
1138 2144 1324 2205 Pontificisa
1344 2151 1376 2206 te

229 2241 322 2302 Nobis
343 2241 499 2321 diiigenter
513 2242 721 2303 transmissum
736 2261 796 2304 ama
814 2261 885 2305 cum
904 2241 1039 2321 ejusdcm
1052 2259 1179 2302 censura
1194 2240 1283 2301 istbic
1296 2260 1314 2302 a
1325 2247 1378 2303 tua

228 2337 424 2402 Universitatc
437 2338 529 2418 sacta,
543 2339 574 2401 in
593 2359 656 2421 quo
669 2341 853 2421 pastoralem
868 2341 975 2416 zelum,
995 2337 1242 2415 sollicitudinem,
1257 2356 1294 2399 ac
1306 2337 1378 2416 vigi-

231 2434 355 2498 lantiam
376 2441 461 2498 tuam
477 2436 659 2518 J'ampridem
682 2438 774 2500 Nobis
787 2444 987 2519 perspectam,
1003 2437 1099 2497 multo
1116 2443 1218 2497 tamen
1238 2435 1377 2497 lucoien-

157 2526 159 2531 ⁴
230 2533 306 2594 tiore
322 2551 402 2594 nunc
421 2532 532 2595 indicio
550 2533 736 2596 declaratum
747 2541 777 2597 et
799 2535 1004 2615 agnoscimus,
1019 2539 1049 2595 et
1061 2550 1117 2614 pro
1128 2532 1235 2594 merito
1246 2550 1377 2613 magno-

228 2644 298 2707 pere
320 2630 578 2692 commendamus.
603 2633 666 2693 Etsi
688 2650 765 2714 opus
788 2633 914 2696 minime
936 2632 992 2709 sit,
1018 2637 1120 2693 umen
1142 2630 1181 2692 ad
1207 2636 1295 2692 tuum
1317 2631 1376 2694 boc

159 2804 161 2808 k
226 2726 345 2789 tuenda
357 2728 508 2808 religionis
519 2729 651 2792 studium
664 2739 799 2793 nostram
810 2732 937 2812 Nospro
951 2729 1109 2790 Pontificio
1122 2745 1249 2789 munere
1263 2723 1376 2791 cobor-

225 2823 371 2885 tationem
393 2825 614 2906 adjungendam
632 2827 788 2904 ducimus,
804 2835 1002 2906 auctoresque
1018 2825 1110 2886 eliam
1123 2824 1178 2884 tibi
1193 2841 1316 2901 sumus,
1341 2830 1375 2884 ul

223 2937 295 2980 eum
312 2920 423 2981 librum
443 2921 474 2982 in
496 2923 616 2985 dioecesi
636 2931 690 2985 tua
713 2925 815 2985 statim
834 2923 998 3003 prohibeas
1015 2939 1052 2982 ac
1064 2919 1253 3001 proscribas,
1270 2919 1376 2999 tuique
1418 2982 1421 2987 ,

224 3015 314 3076 edicti
327 3016 485 3079 severitate
502 3036 520 3079 e
541 3018 675 3080 bdelium
697 3020 840 3081 manibus
855 3026 1046 3096 extorqueas,
1060 3016 1148 3094 cujus
1159 3014 1272 3077 scilicet
1286 3013 1375 3076 lectio

222 3109 425 3173 certissimum
439 3112 553 3174 eisdem
567 3115 695 3176 allatura
717 3115 756 3176 sit
770 3115 1003 3189 detrimentum,
1018 3129 1089 3173 cum
1107 3111 1139 3172 in
1160 3110 1211 3172 illo
1232 3110 1375 3191 proposi-

223 3206 320 3269 tiones
332 3207 429 3282 falsae,
444 3211 611 3272 temermiae
619 3255 628 3288 ,
646 3211 847 3289 scandaloso,
871 3209 1037 3291 injuriose,
1051 3216 1082 3272 et
1097 3209 1252 3272 musaico
1268 3216 1374 3273 contra

223 3325 359 3371 summos
372 3310 550 3390 pontifices,
566 3311 676 3392 impia,
699 3328 841 3389 erronea,
861 3311 1011 3389 sacrilega
1029 3309 1205 3371 inducentes
1225 3309 1264 3372 ad
1283 3309 1374 3373 horc-

222 3408 289 3487 sim,
306 3415 336 3471 et
350 3409 390 3471 ad
404 3409 555 3487 schisma,
571 3417 661 3491 atque
679 3408 752 3472 alias
774 3409 814 3471 ab
831 3407 997 3489 apostolica
1018 3407 1090 3469 sede
1110 3407 1260 3469 damnatae
1272 3408 1374 3470 conti-

223 3511 359 3568 neantur.
380 3508 446 3570 Tua
467 3513 570 3569 tamen
583 3505 795 3570 tantummodo
814 3506 968 3568 ordinaria
977 3504 1123 3566 facultate
1134 3504 1169 3566 id
1186 3511 1248 3567 ate
1262 3505 1372 3567 luobu-

221 3602 294 3666 dum
313 3623 377 3668 ew
394 3605 582 3685 judicamus,
614 3623 713 3686 neque
728 3622 839 3668 nonen
856 3621 939 3666 nnrrc
957 3602 1108 3684 interponi
1125 3607 1263 3664 nostrum
1283 3603 1373 3664 volu·-

222 3716 300 3777 mus,
315 3719 355 3763 ne
368 3702 488 3783 pondus
500 3703 622 3784 aliquod
640 3703 677 3765 iis
696 3702 769 3765 dare
785 3702 953 3778 videamur,
970 3720 1036 3782 qua
1057 3700 1209 3762 interdum
1227 3699 1372 3780 tortam,

222 3819 292 3862 cum
308 3802 442 3882 neglecta
457 3809 544 3880 sunt,
559 3803 660 3863 minus
683 3801 831 3864 sustinere
854 3819 886 3862 se
908 3806 1045 3881 possunt,
1064 3817 1100 3860 ac
1118 3797 1206 3860 facile
1225 3816 1313 3861 susm
1330 3799 1375 3861 ob
1426 3795 1430 3799 ”

221 3895 539 3960 levitatemintereunt.
551 3890 1204 3979 Nostrasapostolicaaustoritatis'partesad
1216 3892 1371 3973 ulteriora,

221 3984 246 4052 si
258 4008 378 4055 neumae
390 3994 463 4071 erit,
476 4002 614 4076 tempora
627 4003 828 4073 reservantes,
843 3995 958 4056 interca
972 3992 1151 4055 omonimus
1164 4001 1281 4074 pestem
1292 3994 1370 4054 beru

221 4106 314 4168 opera
328 4108 364 4153 ac
376 4090 529 4172 diligentia
539 4099 592 4154 tua
606 4109 784 4173 oppressum
795 4092 831 4153 iri
842 4090 1079 4172 quamprimum,
1092 4090 1364 4171 atqueextinctnm,

223 4183 312 4264 idque
320 4188 897 4269 tuapasloraiisindustriaacsapientia
908 4188 1189 4267 Nobismagnoperc
1197 4184 1367 4264 pollicetur.
1405 4257 1408 4263 ι

223 4276 282 4340 Sed
297 4281 479 4364 quicunque
492 4285 611 4348 iuturus
628 4287 667 4347 sit
686 4287 798 4363 exitus,
813 4305 905 4367 quem
925 4284 1176 4368 imperscrutabili
1190 4283 1244 4344 Dei
1254 4283 1369 4361 judicio

221 4379 428 4462 relinquimus,
441 4390 528 4447 tuuin
542 4386 602 4447 boc
622 4386 766 4461 studium,
785 4402 820 4447 ac
833 4385 992 4446 consilium
1008 4391 1042 4444 ut
1055 4380 1167 4444 exindo
1177 4380 1266 4444 lando
1287 4384 1367 4464 apud

222 4492 328 4541 omnes
350 4479 446 4544 bonos
466 4500 528 4545 non
548 4484 677 4558 carebit,
695 4484 736 4545 ita
750 4489 884 4544 nostram
903 4500 973 4560 erga
991 4489 1020 4541 tc
1033 4476 1158 4540 mirifice
1172 4479 1367 4561 amplificabit
