<?xml version="1.0" encoding="UTF-8"?>
<!DOCTYPE html PUBLIC "-//W3C//DTD XHTML 1.0 Transitional//EN"
    "http://www.w3.org/TR/xhtml1/DTD/xhtml1-transitional.dtd">
<html xmlns="http://www.w3.org/1999/xhtml" xml:lang="en" lang="en">
 <head>
  <title>
</title>
<meta http-equiv="Content-Type" content="text/html;charset=utf-8" />
  <meta name='ocr-system' content='tesseract 3.04.00' />
  <meta name='ocr-capabilities' content='ocr_page ocr_carea ocr_par ocr_line ocrx_word'/>
</head>
<body>
  <div class='ocr_page' id='page_1' title='image "./clementisxivpon01clemgoog_0167.png"; bbox 0 0 3194 5354; ppageno 0'>
   <div class='ocr_carea' id='block_1_1' title="bbox 324 488 1043 548">
    <p class='ocr_par' dir='ltr' id='par_1_1' title="bbox 324 488 1043 548">
     <span class='ocr_line' id='line_1_1' title="bbox 324 488 1043 548; baseline -0.01 -1"><span class='ocrx_word' id='word_1_1' title='bbox 324 497 374 548; x_wconf 71' lang='lat'><strong>152</strong></span> <span class='ocrx_word' id='word_1_2' title='bbox 754 488 958 545; x_wconf 66' lang='lat' dir='ltr'><strong>caementis</strong></span> <span class='ocrx_word' id='word_1_3' title='bbox 975 488 1043 542; x_wconf 83' lang='lat' dir='ltr'><strong>xlv</strong></span> 
     </span>
    </p>
   </div>
   <div class='ocr_carea' id='block_1_2' title="bbox 316 591 1477 1168">
    <p class='ocr_par' dir='ltr' id='par_1_2' title="bbox 316 591 1477 1168">
     <span class='ocr_line' id='line_1_2' title="bbox 319 591 1477 677; baseline 0.002 -19"><span class='ocrx_word' id='word_1_4' title='bbox 319 596 434 677; x_wconf 67' lang='lat' dir='ltr'><strong>Quippe</strong></span> <span class='ocrx_word' id='word_1_5' title='bbox 446 595 556 658; x_wconf 86' lang='lat' dir='ltr'><strong>eximia</strong></span> <span class='ocrx_word' id='word_1_6' title='bbox 570 596 693 657; x_wconf 80' lang='lat' dir='ltr'><strong>interae</strong></span> <span class='ocrx_word' id='word_1_7' title='bbox 708 594 842 656; x_wconf 90' lang='lat' dir='ltr'><strong>caritatis</strong></span> <span class='ocrx_word' id='word_1_8' title='bbox 856 594 999 655; x_wconf 89' lang='lat' dir='ltr'><strong>societate</strong></span> <span class='ocrx_word' id='word_1_9' title='bbox 1011 591 1161 670; x_wconf 85' lang='lat' dir='ltr'><strong>conjuncti</strong></span> <span class='ocrx_word' id='word_1_10' title='bbox 1174 611 1245 654; x_wconf 91' lang='lat' dir='ltr'><strong>cum</strong></span> <span class='ocrx_word' id='word_1_11' title='bbox 1258 592 1297 655; x_wconf 94' lang='lat' dir='ltr'><strong>de</strong></span> <span class='ocrx_word' id='word_1_12' title='bbox 1311 612 1344 656; x_wconf 92' lang='lat' dir='ltr'><strong>se</strong></span> <span class='ocrx_word' id='word_1_13' title='bbox 1354 595 1477 661; x_wconf 86' lang='lat' dir='ltr'><strong>modice</strong></span> 
     </span>
     <span class='ocr_line' id='line_1_3' title="bbox 318 690 1477 777; baseline 0.002 -20"><span class='ocrx_word' id='word_1_14' title='bbox 318 695 470 771; x_wconf 87' lang='lat' dir='ltr'><strong>sentiunt,</strong></span> <span class='ocrx_word' id='word_1_15' title='bbox 487 714 522 757; x_wconf 89' lang='lat' dir='ltr'><strong>ac</strong></span> <span class='ocrx_word' id='word_1_16' title='bbox 534 695 589 757; x_wconf 90' lang='lat' dir='ltr'><strong>sibi</strong></span> <span class='ocrx_word' id='word_1_17' title='bbox 602 695 676 776; x_wconf 89' lang='lat' dir='ltr'><strong>ipsis</strong></span> <span class='ocrx_word' id='word_1_18' title='bbox 695 693 802 774; x_wconf 76' lang='lat' dir='ltr'>singuli</span> <span class='ocrx_word' id='word_1_19' title='bbox 826 692 899 755; x_wconf 88' lang='lat' dir='ltr'><strong>nihil</strong></span> <span class='ocrx_word' id='word_1_20' title='bbox 915 697 1073 770; x_wconf 77' lang='lat' dir='ltr'>arrogant,</span> <span class='ocrx_word' id='word_1_21' title='bbox 1086 697 1153 752; x_wconf 91' lang='lat' dir='ltr'><strong>tum</strong></span> <span class='ocrx_word' id='word_1_22' title='bbox 1166 690 1197 752; x_wconf 89' lang='lat' dir='ltr'><strong>in</strong></span> <span class='ocrx_word' id='word_1_23' title='bbox 1209 691 1340 754; x_wconf 89' lang='lat' dir='ltr'><strong>aliomm</strong></span> <span class='ocrx_word' id='word_1_24' title='bbox 1359 696 1477 777; x_wconf 82' lang='lat' dir='ltr'><strong>perspi-</strong></span> 
     </span>
     <span class='ocr_line' id='line_1_4' title="bbox 316 788 1476 869; baseline 0 -14"><span class='ocrx_word' id='word_1_25' title='bbox 316 793 424 855; x_wconf 89' lang='lat' dir='ltr'><strong>cienda</strong></span> <span class='ocrx_word' id='word_1_26' title='bbox 447 793 557 855; x_wconf 83' lang='lat' dir='ltr'><strong>virtute</strong></span> <span class='ocrx_word' id='word_1_27' title='bbox 578 794 648 855; x_wconf 80' lang='lat' dir='ltr'><strong>sulit</strong></span> <span class='ocrx_word' id='word_1_28' title='bbox 671 792 868 855; x_wconf 81' lang='lat' dir='ltr'><strong>solertissimi.</strong></span> <span class='ocrx_word' id='word_1_29' title='bbox 888 789 1017 852; x_wconf 83' lang='lat' dir='ltr'><strong>Proinde</strong></span> <span class='ocrx_word' id='word_1_30' title='bbox 1037 806 1091 850; x_wconf 87' lang='lat' dir='ltr'><strong>vos</strong></span> <span class='ocrx_word' id='word_1_31' title='bbox 1114 806 1172 850; x_wconf 91' lang='lat' dir='ltr'><strong>nec</strong></span> <span class='ocrx_word' id='word_1_32' title='bbox 1189 788 1476 869; x_wconf 78' lang='lat' dir='ltr'><strong>privaticommodi</strong></span> 
     </span>
     <span class='ocr_line' id='line_1_5' title="bbox 317 886 1476 972; baseline 0.001 -21"><span class='ocrx_word' id='word_1_33' title='bbox 317 891 467 967; x_wconf 90' lang='lat' dir='ltr'><strong>rationes,</strong></span> <span class='ocrx_word' id='word_1_34' title='bbox 480 908 538 952; x_wconf 89' lang='lat' dir='ltr'><strong>neo</strong></span> <span class='ocrx_word' id='word_1_35' title='bbox 549 891 718 972; x_wconf 84' lang='lat' dir='ltr'><strong>cujuspiam</strong></span> <span class='ocrx_word' id='word_1_36' title='bbox 730 890 842 971; x_wconf 86' lang='lat' dir='ltr'><strong>gratie,</strong></span> <span class='ocrx_word' id='word_1_37' title='bbox 855 906 952 970; x_wconf 84' lang='lat' dir='ltr'><strong>neque</strong></span> <span class='ocrx_word' id='word_1_38' title='bbox 962 888 1023 950; x_wconf 90' lang='lat' dir='ltr'><strong>ulla</strong></span> <span class='ocrx_word' id='word_1_39' title='bbox 1033 886 1166 967; x_wconf 91' lang='lat' dir='ltr'><strong>partium</strong></span> <span class='ocrx_word' id='word_1_40' title='bbox 1179 886 1279 949; x_wconf 91' lang='lat' dir='ltr'><strong>studia</strong></span> <span class='ocrx_word' id='word_1_41' title='bbox 1291 905 1394 950; x_wconf 88' lang='lat' dir='ltr'><strong>avera</strong></span> <span class='ocrx_word' id='word_1_42' title='bbox 1403 908 1476 952; x_wconf 78' lang='lat' dir='ltr'><strong>vaa-</strong></span> 
     </span>
     <span class='ocr_line' id='line_1_6' title="bbox 318 984 1475 1070; baseline -0.001 -20"><span class='ocrx_word' id='word_1_43' title='bbox 318 996 367 1051; x_wconf 87' lang='lat' dir='ltr'><strong>tra</strong></span> <span class='ocrx_word' id='word_1_44' title='bbox 380 988 480 1066; x_wconf 89' lang='lat' dir='ltr'><strong>laude,</strong></span> <span class='ocrx_word' id='word_1_45' title='bbox 493 995 584 1070; x_wconf 89' lang='lat' dir='ltr'><strong>atquc</strong></span> <span class='ocrx_word' id='word_1_46' title='bbox 598 987 726 1050; x_wconf 85' lang='lat' dir='ltr'><strong>utilitate</strong></span> <span class='ocrx_word' id='word_1_47' title='bbox 745 993 872 1069; x_wconf 84' lang='lat' dir='ltr'><strong>possunt</strong></span> <span class='ocrx_word' id='word_1_48' title='bbox 890 985 1050 1048; x_wconf 92' lang='lat' dir='ltr'><strong>deducere.</strong></span> <span class='ocrx_word' id='word_1_49' title='bbox 1072 987 1151 1045; x_wconf 88' lang='lat' dir='ltr'><strong>Tum</strong></span> <span class='ocrx_word' id='word_1_50' title='bbox 1165 993 1247 1046; x_wconf 85' lang='lat' dir='ltr'><strong>recte</strong></span> <span class='ocrx_word' id='word_1_51' title='bbox 1263 984 1391 1064; x_wconf 90' lang='lat' dir='ltr'><strong>singulis</strong></span> <span class='ocrx_word' id='word_1_52' title='bbox 1407 986 1475 1050; x_wconf 80' lang='lat' dir='ltr'><strong>fore</strong></span> 
     </span>
     <span class='ocr_line' id='line_1_7' title="bbox 319 1072 1475 1168; baseline -0.002 -20"><span class='ocrx_word' id='word_1_53' title='bbox 319 1086 474 1168; x_wconf 88' lang='lat' dir='ltr'><strong>provisum</strong></span> <span class='ocrx_word' id='word_1_54' title='bbox 485 1085 609 1166; x_wconf 88' lang='lat' dir='ltr'><strong>putatis,</strong></span> <span class='ocrx_word' id='word_1_55' title='bbox 624 1104 694 1147; x_wconf 89' lang='lat' dir='ltr'><strong>cum</strong></span> <span class='ocrx_word' id='word_1_56' title='bbox 703 1086 844 1166; x_wconf 76' lang='lat' dir='ltr'><strong>preclare</strong></span> <span class='ocrx_word' id='word_1_57' title='bbox 855 1084 914 1146; x_wconf 91' lang='lat' dir='ltr'><strong>erit</strong></span> <span class='ocrx_word' id='word_1_58' title='bbox 922 1072 1093 1145; x_wconf 69' lang='lat' dir='ltr'><strong>consultum</strong></span> <span class='ocrx_word' id='word_1_59' title='bbox 1103 1080 1260 1158; x_wconf 89' lang='lat' dir='ltr'><strong>universis,</strong></span> <span class='ocrx_word' id='word_1_60' title='bbox 1273 1087 1340 1144; x_wconf 88' lang='lat' dir='ltr'><strong>tum</strong></span> <span class='ocrx_word' id='word_1_61' title='bbox 1351 1082 1475 1146; x_wconf 78' lang='lat' dir='ltr'><strong>beatam</strong></span> 
     </span>
    </p>
   </div>
   <div class='ocr_carea' id='block_1_3' title="bbox 310 1179 1549 4589">
    <p class='ocr_par' dir='ltr' id='par_1_3' title="bbox 310 1179 1549 4589">
     <span class='ocr_line' id='line_1_8' title="bbox 318 1179 1475 1264; baseline -0.001 -19"><span class='ocrx_word' id='word_1_62' title='bbox 318 1202 354 1246; x_wconf 93' lang='lat' dir='ltr'><strong>ac</strong></span> <span class='ocrx_word' id='word_1_63' title='bbox 377 1183 534 1246; x_wconf 89' lang='lat' dir='ltr'><strong>florentem</strong></span> <span class='ocrx_word' id='word_1_64' title='bbox 558 1183 712 1264; x_wconf 77' lang='lat' dir='ltr'><strong>publicam</strong></span> <span class='ocrx_word' id='word_1_65' title='bbox 730 1201 798 1245; x_wconf 89' lang='lat' dir='ltr'><strong>rem</strong></span> <span class='ocrx_word' id='word_1_66' title='bbox 817 1189 949 1244; x_wconf 84' lang='lat' dir='ltr'><strong>vestram</strong></span> <span class='ocrx_word' id='word_1_67' title='bbox 972 1180 1129 1256; x_wconf 88' lang='lat' dir='ltr'><strong>futuram,</strong></span> <span class='ocrx_word' id='word_1_68' title='bbox 1154 1198 1225 1241; x_wconf 91' lang='lat' dir='ltr'><strong>cum</strong></span> <span class='ocrx_word' id='word_1_69' title='bbox 1243 1179 1424 1259; x_wconf 75' lang='lat' dir='ltr'><strong>sanctitate,</strong></span> <span class='ocrx_word' id='word_1_70' title='bbox 1444 1190 1475 1244; x_wconf 92' lang='lat' dir='ltr'><strong>et</strong></span> 
     </span>
     <span class='ocr_line' id='line_1_9' title="bbox 317 1275 1476 1361; baseline -0.003 -19"><span class='ocrx_word' id='word_1_71' title='bbox 317 1281 456 1343; x_wconf 87' lang='lat' dir='ltr'><strong>doctriua</strong></span> <span class='ocrx_word' id='word_1_72' title='bbox 470 1280 582 1361; x_wconf 82' lang='lat' dir='ltr'><strong>vigebit</strong></span> <span class='ocrx_word' id='word_1_73' title='bbox 601 1280 703 1340; x_wconf 89' lang='lat' dir='ltr'><strong>:hunc</strong></span> <span class='ocrx_word' id='word_1_74' title='bbox 716 1297 790 1340; x_wconf 86' lang='lat' dir='ltr'><strong>vero</strong></span> <span class='ocrx_word' id='word_1_75' title='bbox 808 1277 1003 1339; x_wconf 79' lang='lat' dir='ltr'><strong>excellentem</strong></span> <span class='ocrx_word' id='word_1_76' title='bbox 1012 1275 1132 1337; x_wconf 86' lang='lat' dir='ltr'><strong>virtutis</strong></span> <span class='ocrx_word' id='word_1_77' title='bbox 1146 1282 1263 1337; x_wconf 89' lang='lat' dir='ltr'><strong>statum</strong></span> <span class='ocrx_word' id='word_1_78' title='bbox 1278 1283 1343 1337; x_wconf 89' lang='lat' dir='ltr'><strong>tum</strong></span> <span class='ocrx_word' id='word_1_79' title='bbox 1353 1278 1476 1357; x_wconf 85' lang='lat' dir='ltr'><strong>potissi·</strong></span> 
     </span>
     <span class='ocr_line' id='line_1_10' title="bbox 318 1373 1475 1456; baseline -0.001 -16"><span class='ocrx_word' id='word_1_80' title='bbox 318 1397 404 1441; x_wconf 91' lang='lat' dir='ltr'><strong>mum</strong></span> <span class='ocrx_word' id='word_1_81' title='bbox 419 1379 604 1456; x_wconf 89' lang='lat' dir='ltr'><strong>babituram,</strong></span> <span class='ocrx_word' id='word_1_82' title='bbox 617 1396 688 1440; x_wconf 93' lang='lat' dir='ltr'><strong>cum</strong></span> <span class='ocrx_word' id='word_1_83' title='bbox 702 1396 772 1439; x_wconf 92' lang='lat' dir='ltr'><strong>eum</strong></span> <span class='ocrx_word' id='word_1_84' title='bbox 786 1377 896 1441; x_wconf 91' lang='lat' dir='ltr'><strong>ducem</strong></span> <span class='ocrx_word' id='word_1_85' title='bbox 908 1422 916 1452; x_wconf 90' lang='lat'><strong>,</strong></span> <span class='ocrx_word' id='word_1_86' title='bbox 927 1394 964 1437; x_wconf 94' lang='lat' dir='ltr'><strong>ac</strong></span> <span class='ocrx_word' id='word_1_87' title='bbox 975 1374 1135 1456; x_wconf 84' lang='lat' dir='ltr'><strong>praesidem</strong></span> <span class='ocrx_word' id='word_1_88' title='bbox 1150 1381 1239 1436; x_wconf 89' lang='lat' dir='ltr'><strong>nacta</strong></span> <span class='ocrx_word' id='word_1_89' title='bbox 1249 1373 1356 1452; x_wconf 86' lang='lat' dir='ltr'><strong>fuerit,</strong></span> <span class='ocrx_word' id='word_1_90' title='bbox 1367 1377 1420 1456; x_wconf 93' lang='lat' dir='ltr'><strong>qui</strong></span> <span class='ocrx_word' id='word_1_91' title='bbox 1435 1377 1475 1439; x_wconf 92' lang='lat' dir='ltr'><strong>sit</strong></span> 
     </span>
     <span class='ocr_line' id='line_1_11' title="bbox 319 1474 1469 1561; baseline -0.003 -21"><span class='ocrx_word' id='word_1_92' title='bbox 319 1480 403 1541; x_wconf 92' lang='lat' dir='ltr'><strong>omni</strong></span> <span class='ocrx_word' id='word_1_93' title='bbox 414 1479 592 1561; x_wconf 80' lang='lat' dir='ltr'><strong>integritatis</strong></span> <span class='ocrx_word' id='word_1_94' title='bbox 603 1478 760 1554; x_wconf 79' lang='lat' dir='ltr'><strong>doctrine,</strong></span> <span class='ocrx_word' id='word_1_95' title='bbox 773 1475 939 1558; x_wconf 90' lang='lat' dir='ltr'><strong>gravitatis,</strong></span> <span class='ocrx_word' id='word_1_96' title='bbox 952 1474 1232 1554; x_wconf 89' lang='lat' dir='ltr'><strong>sanctitatisgencre</strong></span> <span class='ocrx_word' id='word_1_97' title='bbox 1245 1474 1469 1538; x_wconf 88' lang='lat' dir='ltr'><strong>ornatissimus.</strong></span> 
     </span>
     <span class='ocr_line' id='line_1_12' title="bbox 319 1572 1470 1658; baseline -0.001 -21"><span class='ocrx_word' id='word_1_98' title='bbox 319 1577 472 1658; x_wconf 89' lang='lat' dir='ltr'><strong>Siquidem</strong></span> <span class='ocrx_word' id='word_1_99' title='bbox 485 1577 510 1639; x_wconf 89' lang='lat' dir='ltr'><strong>is</strong></span> <span class='ocrx_word' id='word_1_100' title='bbox 522 1577 634 1658; x_wconf 86' lang='lat' dir='ltr'><strong>poterit</strong></span> <span class='ocrx_word' id='word_1_101' title='bbox 647 1583 772 1639; x_wconf 87' lang='lat' dir='ltr'><strong>caeteros</strong></span> <span class='ocrx_word' id='word_1_102' title='bbox 783 1575 897 1637; x_wconf 87' lang='lat' dir='ltr'><strong>naviter</strong></span> <span class='ocrx_word' id='word_1_103' title='bbox 907 1574 945 1637; x_wconf 89' lang='lat' dir='ltr'><strong>ad</strong></span> <span class='ocrx_word' id='word_1_104' title='bbox 955 1592 1076 1635; x_wconf 90' lang='lat' dir='ltr'><strong>omnem</strong></span> <span class='ocrx_word' id='word_1_105' title='bbox 1088 1573 1209 1635; x_wconf 91' lang='lat' dir='ltr'><strong>laudem</strong></span> <span class='ocrx_word' id='word_1_106' title='bbox 1218 1572 1372 1654; x_wconf 83' lang='lat' dir='ltr'><strong>impellere</strong></span> <span class='ocrx_word' id='word_1_107' title='bbox 1383 1620 1392 1651; x_wconf 92' lang='lat'><strong>,</strong></span> <span class='ocrx_word' id='word_1_108' title='bbox 1405 1575 1470 1655; x_wconf 90' lang='lat' dir='ltr'><strong>qui,</strong></span> 
     </span>
     <span class='ocr_line' id='line_1_13' title="bbox 317 1670 1473 1754; baseline 0.003 -21"><span class='ocrx_word' id='word_1_109' title='bbox 317 1673 399 1754; x_wconf 92' lang='lat' dir='ltr'><strong>quod</strong></span> <span class='ocrx_word' id='word_1_110' title='bbox 413 1673 564 1754; x_wconf 88' lang='lat' dir='ltr'><strong>areliquis</strong></span> <span class='ocrx_word' id='word_1_111' title='bbox 577 1673 721 1753; x_wconf 91' lang='lat' dir='ltr'><strong>efflagitat</strong></span> <span class='ocrx_word' id='word_1_112' title='bbox 732 1718 740 1749; x_wconf 91' lang='lat'>‚</span> <span class='ocrx_word' id='word_1_113' title='bbox 751 1673 815 1753; x_wconf 89' lang='lat' dir='ltr'><strong>ipse</strong></span> <span class='ocrx_word' id='word_1_114' title='bbox 829 1680 917 1735; x_wconf 89' lang='lat' dir='ltr'><strong>antea</strong></span> <span class='ocrx_word' id='word_1_115' title='bbox 927 1671 1071 1734; x_wconf 86' lang='lat' dir='ltr'><strong>eximium</strong></span> <span class='ocrx_word' id='word_1_116' title='bbox 1081 1670 1259 1733; x_wconf 76' lang='lat' dir='ltr'><strong>obedientie</strong></span> <span class='ocrx_word' id='word_1_117' title='bbox 1272 1691 1309 1734; x_wconf 93' lang='lat' dir='ltr'><strong>ac</strong></span> <span class='ocrx_word' id='word_1_118' title='bbox 1321 1671 1473 1736; x_wconf 75' lang='lat' dir='ltr'><strong>bumilita</strong></span> 
     </span>
     <span class='ocr_line' id='line_1_14' title="bbox 318 1771 1473 1855; baseline 0.001 -21"><span class='ocrx_word' id='word_1_119' title='bbox 318 1773 360 1835; x_wconf 92' lang='lat' dir='ltr'><strong>tic</strong></span> <span class='ocrx_word' id='word_1_120' title='bbox 373 1773 525 1855; x_wconf 86' lang='lat' dir='ltr'><strong>specimen</strong></span> <span class='ocrx_word' id='word_1_121' title='bbox 535 1772 666 1849; x_wconf 84' lang='lat' dir='ltr'><strong>dederit,</strong></span> <span class='ocrx_word' id='word_1_122' title='bbox 681 1772 733 1854; x_wconf 91' lang='lat' dir='ltr'><strong>qui</strong></span> <span class='ocrx_word' id='word_1_123' title='bbox 746 1772 970 1854; x_wconf 89' lang='lat' dir='ltr'><strong>simplicitatem</strong></span> <span class='ocrx_word' id='word_1_124' title='bbox 983 1771 1167 1853; x_wconf 81' lang='lat' dir='ltr'><strong>prudentia,</strong></span> <span class='ocrx_word' id='word_1_125' title='bbox 1186 1772 1339 1834; x_wconf 85' lang='lat' dir='ltr'><strong>lenitatem</strong></span> <span class='ocrx_word' id='word_1_126' title='bbox 1353 1775 1473 1835; x_wconf 87' lang='lat' dir='ltr'><strong>severi-</strong></span> 
     </span>
     <span class='ocr_line' id='line_1_15' title="bbox 319 1869 1467 1950; baseline 0.002 -20"><span class='ocrx_word' id='word_1_127' title='bbox 319 1869 387 1948; x_wconf 87' lang='lat' dir='ltr'><strong>tati,</strong></span> <span class='ocrx_word' id='word_1_128' title='bbox 404 1870 579 1950; x_wconf 81' lang='lat' dir='ltr'><strong>religionem</strong></span> <span class='ocrx_word' id='word_1_129' title='bbox 592 1888 628 1931; x_wconf 88' lang='lat' dir='ltr'><strong>ac</strong></span> <span class='ocrx_word' id='word_1_130' title='bbox 641 1870 786 1950; x_wconf 90' lang='lat' dir='ltr'><strong>pietatem</strong></span> <span class='ocrx_word' id='word_1_131' title='bbox 803 1869 1027 1931; x_wconf 87' lang='lat' dir='ltr'><strong>mansuetudini</strong></span> <span class='ocrx_word' id='word_1_132' title='bbox 1051 1887 1236 1948; x_wconf 74' lang='lat' dir='ltr'><strong>summaque</strong></span> <span class='ocrx_word' id='word_1_133' title='bbox 1247 1869 1279 1930; x_wconf 90' lang='lat' dir='ltr'><strong>in</strong></span> <span class='ocrx_word' id='word_1_134' title='bbox 1289 1887 1394 1931; x_wconf 79' lang='lat' dir='ltr'><strong>omnes</strong></span> <span class='ocrx_word' id='word_1_135' title='bbox 1413 1889 1467 1932; x_wconf 92' lang='lat' dir='ltr'><strong>ca-</strong></span> 
     </span>
     <span class='ocr_line' id='line_1_16' title="bbox 319 1965 1472 2048; baseline 0.002 -20"><span class='ocrx_word' id='word_1_136' title='bbox 319 1967 401 2029; x_wconf 90' lang='lat' dir='ltr'><strong>ritati</strong></span> <span class='ocrx_word' id='word_1_137' title='bbox 419 1968 582 2047; x_wconf 88' lang='lat' dir='ltr'><strong>conjungat</strong></span> <span class='ocrx_word' id='word_1_138' title='bbox 592 2013 600 2044; x_wconf 92' lang='lat'><strong>,</strong></span> <span class='ocrx_word' id='word_1_139' title='bbox 621 1967 673 2048; x_wconf 92' lang='lat' dir='ltr'><strong>qui</strong></span> <span class='ocrx_word' id='word_1_140' title='bbox 694 1968 864 2048; x_wconf 87' lang='lat' dir='ltr'><strong>increpare,</strong></span> <span class='ocrx_word' id='word_1_141' title='bbox 878 1973 909 2028; x_wconf 91' lang='lat' dir='ltr'><strong>et</strong></span> <span class='ocrx_word' id='word_1_142' title='bbox 929 1967 1106 2042; x_wconf 85' lang='lat' dir='ltr'><strong>obsecrare,</strong></span> <span class='ocrx_word' id='word_1_143' title='bbox 1125 1965 1235 2028; x_wconf 89' lang='lat' dir='ltr'><strong>dooere</strong></span> <span class='ocrx_word' id='word_1_144' title='bbox 1247 1972 1338 2047; x_wconf 90' lang='lat' dir='ltr'><strong>atque</strong></span> <span class='ocrx_word' id='word_1_145' title='bbox 1355 1967 1472 2031; x_wconf 86' lang='lat' dir='ltr'><strong>hortari</strong></span> 
     </span>
     <span class='ocr_line' id='line_1_17' title="bbox 322 2063 1472 2145; baseline 0.001 -19"><span class='ocrx_word' id='word_1_146' title='bbox 322 2071 391 2145; x_wconf 91' lang='lat' dir='ltr'><strong>apte</strong></span> <span class='ocrx_word' id='word_1_147' title='bbox 412 2064 507 2137; x_wconf 89' lang='lat' dir='ltr'><strong>sciat,</strong></span> <span class='ocrx_word' id='word_1_148' title='bbox 522 2064 574 2145; x_wconf 90' lang='lat' dir='ltr'><strong>qui</strong></span> <span class='ocrx_word' id='word_1_149' title='bbox 594 2064 724 2144; x_wconf 91' lang='lat' dir='ltr'><strong>denique</strong></span> <span class='ocrx_word' id='word_1_150' title='bbox 741 2063 904 2145; x_wconf 85' lang='lat' dir='ltr'><strong>spiritualis</strong></span> <span class='ocrx_word' id='word_1_151' title='bbox 921 2064 988 2125; x_wconf 78' lang='lat' dir='ltr'><strong>vita</strong></span> <span class='ocrx_word' id='word_1_152' title='bbox 1008 2063 1147 2125; x_wconf 88' lang='lat' dir='ltr'><strong>ardorem</strong></span> <span class='ocrx_word' id='word_1_153' title='bbox 1165 2063 1314 2142; x_wconf 86' lang='lat' dir='ltr'><strong>excitare,</strong></span> <span class='ocrx_word' id='word_1_154' title='bbox 1335 2070 1367 2124; x_wconf 92' lang='lat' dir='ltr'><strong>et</strong></span> <span class='ocrx_word' id='word_1_155' title='bbox 1387 2064 1472 2127; x_wconf 88' lang='lat' dir='ltr'><strong>illam</strong></span> 
     </span>
     <span class='ocr_line' id='line_1_18' title="bbox 320 2160 1549 2244; baseline 0 -21"><span class='ocrx_word' id='word_1_156' title='bbox 320 2161 486 2223; x_wconf 85' lang='lat' dir='ltr'><strong>sanctitatis</strong></span> <span class='ocrx_word' id='word_1_157' title='bbox 499 2161 703 2241; x_wconf 75' lang='lat' dir='ltr'><strong>praestantiam</strong></span> <span class='ocrx_word' id='word_1_158' title='bbox 714 2180 733 2222; x_wconf 88' lang='lat' dir='ltr'><strong>a</strong></span> <span class='ocrx_word' id='word_1_159' title='bbox 743 2160 842 2241; x_wconf 89' lang='lat' dir='ltr'><strong>primo</strong></span> <span class='ocrx_word' id='word_1_160' title='bbox 860 2168 984 2241; x_wconf 88' lang='lat' dir='ltr'><strong>parente</strong></span> <span class='ocrx_word' id='word_1_161' title='bbox 1000 2167 1111 2242; x_wconf 90' lang='lat' dir='ltr'><strong>,atque</strong></span> <span class='ocrx_word' id='word_1_162' title='bbox 1123 2160 1294 2223; x_wconf 86' lang='lat' dir='ltr'><strong>institutore</strong></span> <span class='ocrx_word' id='word_1_163' title='bbox 1307 2160 1470 2244; x_wconf 72' lang='lat' dir='ltr'><strong>deducmm</strong></span> <span class='ocrx_word' id='word_1_164' title='bbox 1546 2208 1549 2213; x_wconf 85' lang='lat'><strong>.</strong></span> 
     </span>
     <span class='ocr_line' id='line_1_19' title="bbox 321 2258 1471 2341; baseline 0.004 -21"><span class='ocrx_word' id='word_1_165' title='bbox 321 2259 353 2320; x_wconf 93' lang='lat' dir='ltr'><strong>in</strong></span> <span class='ocrx_word' id='word_1_166' title='bbox 364 2260 499 2322; x_wconf 89' lang='lat' dir='ltr'><strong>omnium</strong></span> <span class='ocrx_word' id='word_1_167' title='bbox 515 2261 632 2322; x_wconf 89' lang='lat' dir='ltr'><strong>animos</strong></span> <span class='ocrx_word' id='word_1_168' title='bbox 643 2259 779 2320; x_wconf 86' lang='lat' dir='ltr'><strong>derivare</strong></span> <span class='ocrx_word' id='word_1_169' title='bbox 793 2259 900 2340; x_wconf 90' lang='lat' dir='ltr'><strong>possit.</strong></span> <span class='ocrx_word' id='word_1_170' title='bbox 914 2261 1058 2339; x_wconf 90' lang='lat' dir='ltr'><strong>Magnum</strong></span> <span class='ocrx_word' id='word_1_171' title='bbox 1074 2258 1209 2339; x_wconf 89' lang='lat' dir='ltr'><strong>profecto</strong></span> <span class='ocrx_word' id='word_1_172' title='bbox 1220 2279 1255 2321; x_wconf 91' lang='lat' dir='ltr'><strong>ac</strong></span> <span class='ocrx_word' id='word_1_173' title='bbox 1266 2260 1471 2341; x_wconf 80' lang='lat' dir='ltr'><strong>singularaeat</strong></span> 
     </span>
     <span class='ocr_line' id='line_1_20' title="bbox 321 2356 1470 2438; baseline 0.004 -20"><span class='ocrx_word' id='word_1_174' title='bbox 321 2357 490 2438; x_wconf 85' lang='lat' dir='ltr'><strong>quidpiam,</strong></span> <span class='ocrx_word' id='word_1_175' title='bbox 505 2376 600 2419; x_wconf 90' lang='lat' dir='ltr'><strong>unum</strong></span> <span class='ocrx_word' id='word_1_176' title='bbox 619 2357 683 2418; x_wconf 84' lang='lat' dir='ltr'><strong>lraec</strong></span> <span class='ocrx_word' id='word_1_177' title='bbox 699 2362 809 2418; x_wconf 91' lang='lat' dir='ltr'><strong>cuncta</strong></span> <span class='ocrx_word' id='word_1_178' title='bbox 820 2374 909 2437; x_wconf 88' lang='lat' dir='ltr'><strong>posse</strong></span> <span class='ocrx_word' id='word_1_179' title='bbox 931 2356 1109 2436; x_wconf 90' lang='lat' dir='ltr'><strong>complecti,</strong></span> <span class='ocrx_word' id='word_1_180' title='bbox 1127 2374 1193 2437; x_wconf 82' lang='lat' dir='ltr'><strong>qua</strong></span> <span class='ocrx_word' id='word_1_181' title='bbox 1204 2357 1235 2418; x_wconf 92' lang='lat' dir='ltr'><strong>in</strong></span> <span class='ocrx_word' id='word_1_182' title='bbox 1250 2364 1335 2421; x_wconf 90' lang='lat' dir='ltr'><strong>tanto</strong></span> <span class='ocrx_word' id='word_1_183' title='bbox 1346 2377 1470 2423; x_wconf 72' lang='lat' dir='ltr'><strong>munem</strong></span> 
     </span>
     <span class='ocr_line' id='line_1_21' title="bbox 316 2453 1471 2536; baseline 0.003 -19"><span class='ocrx_word' id='word_1_184' title='bbox 316 2454 447 2534; x_wconf 88' lang='lat' dir='ltr'><strong>gerendo</strong></span> <span class='ocrx_word' id='word_1_185' title='bbox 461 2455 653 2536; x_wconf 86' lang='lat' dir='ltr'><strong>requirimus.</strong></span> <span class='ocrx_word' id='word_1_186' title='bbox 669 2453 727 2514; x_wconf 90' lang='lat' dir='ltr'><strong>Sed</strong></span> <span class='ocrx_word' id='word_1_187' title='bbox 738 2460 842 2515; x_wconf 87' lang='lat' dir='ltr'><strong>extant</strong></span> <span class='ocrx_word' id='word_1_188' title='bbox 860 2455 978 2536; x_wconf 89' lang='lat' dir='ltr'><strong>ampla,</strong></span> <span class='ocrx_word' id='word_1_189' title='bbox 992 2461 1081 2534; x_wconf 89' lang='lat' dir='ltr'><strong>atqua</strong></span> <span class='ocrx_word' id='word_1_190' title='bbox 1103 2454 1229 2516; x_wconf 88' lang='lat' dir='ltr'><strong>illustria</strong></span> <span class='ocrx_word' id='word_1_191' title='bbox 1241 2500 1249 2532; x_wconf 99' lang='lat'><strong>,</strong></span> <span class='ocrx_word' id='word_1_192' title='bbox 1261 2474 1330 2536; x_wconf 85' lang='lat' dir='ltr'><strong>quaa</strong></span> <span class='ocrx_word' id='word_1_193' title='bbox 1343 2474 1471 2520; x_wconf 86' lang='lat' dir='ltr'><strong>consac-</strong></span> 
     </span>
     <span class='ocr_line' id='line_1_22' title="bbox 316 2551 1469 2633; baseline 0.004 -20"><span class='ocrx_word' id='word_1_194' title='bbox 316 2558 398 2614; x_wconf 88' lang='lat' dir='ltr'><strong>tetur</strong></span> <span class='ocrx_word' id='word_1_195' title='bbox 410 2554 549 2633; x_wconf 80' lang='lat' dir='ltr'><strong>exempla</strong></span> <span class='ocrx_word' id='word_1_196' title='bbox 566 2569 689 2628; x_wconf 92' lang='lat' dir='ltr'><strong>eorum,</strong></span> <span class='ocrx_word' id='word_1_197' title='bbox 713 2551 765 2632; x_wconf 88' lang='lat' dir='ltr'><strong>qui</strong></span> <span class='ocrx_word' id='word_1_198' title='bbox 781 2551 955 2629; x_wconf 86' lang='lat' dir='ltr'><strong>hujusmodi</strong></span> <span class='ocrx_word' id='word_1_199' title='bbox 970 2552 1059 2614; x_wconf 91' lang='lat' dir='ltr'><strong>laude</strong></span> <span class='ocrx_word' id='word_1_200' title='bbox 1076 2551 1258 2633; x_wconf 82' lang='lat' dir='ltr'><strong>jampridem</strong></span> <span class='ocrx_word' id='word_1_201' title='bbox 1277 2553 1469 2631; x_wconf 79' lang='lat' dir='ltr'><strong>claruerunt,</strong></span> 
     </span>
     <span class='ocr_line' id='line_1_23' title="bbox 318 2649 1470 2732; baseline 0.004 -21"><span class='ocrx_word' id='word_1_202' title='bbox 318 2656 349 2711; x_wconf 91' lang='lat' dir='ltr'><strong>et</strong></span> <span class='ocrx_word' id='word_1_203' title='bbox 369 2651 462 2729; x_wconf 87' lang='lat' dir='ltr'><strong>hujus</strong></span> <span class='ocrx_word' id='word_1_204' title='bbox 480 2650 593 2732; x_wconf 89' lang='lat' dir='ltr'><strong>ipsius,</strong></span> <span class='ocrx_word' id='word_1_205' title='bbox 614 2668 705 2731; x_wconf 92' lang='lat' dir='ltr'><strong>quem</strong></span> <span class='ocrx_word' id='word_1_206' title='bbox 726 2656 904 2729; x_wconf 79' lang='lat' dir='ltr'><strong>presentem</strong></span> <span class='ocrx_word' id='word_1_207' title='bbox 926 2649 1264 2731; x_wconf 89' lang='lat' dir='ltr'><strong>intuemur‚quemquc</strong></span> <span class='ocrx_word' id='word_1_208' title='bbox 1282 2652 1470 2717; x_wconf 84' lang='lat' dir='ltr'><strong>obeundam</strong></span> 
     </span>
     <span class='ocr_line' id='line_1_24' title="bbox 315 2746 1471 2829; baseline 0.005 -20"><span class='ocrx_word' id='word_1_209' title='bbox 315 2748 526 2828; x_wconf 89' lang='lat' dir='ltr'><strong>magistratum</strong></span> <span class='ocrx_word' id='word_1_210' title='bbox 537 2746 765 2826; x_wconf 87' lang='lat' dir='ltr'><strong>recensegregie</strong></span> <span class='ocrx_word' id='word_1_211' title='bbox 773 2752 889 2826; x_wconf 86' lang='lat' dir='ltr'><strong>gestum</strong></span> <span class='ocrx_word' id='word_1_212' title='bbox 898 2746 1029 2809; x_wconf 87' lang='lat' dir='ltr'><strong>fatemur</strong></span> <span class='ocrx_word' id='word_1_213' title='bbox 1040 2749 1155 2812; x_wconf 92' lang='lat' dir='ltr'><strong>aNobis</strong></span> <span class='ocrx_word' id='word_1_214' title='bbox 1162 2749 1328 2829; x_wconf 91' lang='lat' dir='ltr'><strong>plurimum</strong></span> <span class='ocrx_word' id='word_1_215' title='bbox 1339 2757 1372 2813; x_wconf 93' lang='lat' dir='ltr'><strong>et</strong></span> <span class='ocrx_word' id='word_1_216' title='bbox 1382 2770 1471 2815; x_wconf 86' lang='lat' dir='ltr'><strong>com-</strong></span> 
     </span>
     <span class='ocr_line' id='line_1_25' title="bbox 316 2843 1468 2928; baseline 0.005 -22"><span class='ocrx_word' id='word_1_217' title='bbox 316 2845 451 2907; x_wconf 91' lang='lat' dir='ltr'><strong>mendari</strong></span> <span class='ocrx_word' id='word_1_218' title='bbox 465 2891 473 2924; x_wconf 91' lang='lat'><strong>,</strong></span> <span class='ocrx_word' id='word_1_219' title='bbox 487 2852 518 2907; x_wconf 91' lang='lat' dir='ltr'><strong>et</strong></span> <span class='ocrx_word' id='word_1_220' title='bbox 534 2844 627 2924; x_wconf 80' lang='lat' dir='ltr'><strong>diligi.</strong></span> <span class='ocrx_word' id='word_1_221' title='bbox 648 2846 710 2906; x_wconf 89' lang='lat' dir='ltr'><strong>Hos</strong></span> <span class='ocrx_word' id='word_1_222' title='bbox 724 2844 826 2926; x_wconf 92' lang='lat' dir='ltr'><strong>itaque</strong></span> <span class='ocrx_word' id='word_1_223' title='bbox 848 2843 1012 2923; x_wconf 91' lang='lat' dir='ltr'><strong>imitemur,</strong></span> <span class='ocrx_word' id='word_1_224' title='bbox 1031 2852 1062 2907; x_wconf 91' lang='lat' dir='ltr'><strong>ct</strong></span> <span class='ocrx_word' id='word_1_225' title='bbox 1077 2865 1208 2928; x_wconf 89' lang='lat' dir='ltr'><strong>quorum</strong></span> <span class='ocrx_word' id='word_1_226' title='bbox 1222 2847 1318 2927; x_wconf 72' lang='lat' dir='ltr'><strong>gruem</strong></span> <span class='ocrx_word' id='word_1_227' title='bbox 1333 2848 1468 2927; x_wconf 88' lang='lat' dir='ltr'><strong>insistet,</strong></span> 
     </span>
     <span class='ocr_line' id='line_1_26' title="bbox 317 2934 1517 3029; baseline 0.006 -26"><span class='ocrx_word' id='word_1_228' title='bbox 317 2943 484 3005; x_wconf 89' lang='lat' dir='ltr'><strong>eorundem</strong></span> <span class='ocrx_word' id='word_1_229' title='bbox 495 2943 697 3023; x_wconf 73' lang='lat' dir='ltr'><strong>praestantiam</strong></span> <span class='ocrx_word' id='word_1_230' title='bbox 708 2941 828 3005; x_wconf 90' lang='lat' dir='ltr'><strong>referat.</strong></span> <span class='ocrx_word' id='word_1_231' title='bbox 844 2945 936 3006; x_wconf 87' lang='lat' dir='ltr'><strong>Facta</strong></span> <span class='ocrx_word' id='word_1_232' title='bbox 947 2945 1124 3025; x_wconf 78' lang='lat' dir='ltr'><strong>prasertim,</strong></span> <span class='ocrx_word' id='word_1_233' title='bbox 1134 2952 1165 3007; x_wconf 92' lang='lat' dir='ltr'><strong>et</strong></span> <span class='ocrx_word' id='word_1_234' title='bbox 1176 2945 1301 3007; x_wconf 90' lang='lat' dir='ltr'><strong>consilia</strong></span> <span class='ocrx_word' id='word_1_235' title='bbox 1313 2947 1468 3029; x_wconf 88' lang='lat' dir='ltr'><strong>Serapbici</strong></span> <span class='ocrx_word' id='word_1_236' title='bbox 1514 2934 1517 2941; x_wconf 44' lang='lat'><strong>¹</strong></span> 
     </span>
     <span class='ocr_line' id='line_1_27' title="bbox 317 3039 1468 3124; baseline 0.008 -25"><span class='ocrx_word' id='word_1_237' title='bbox 317 3040 414 3102; x_wconf 89' lang='lat' dir='ltr'><strong>Patris</strong></span> <span class='ocrx_word' id='word_1_238' title='bbox 424 3039 540 3118; x_wconf 90' lang='lat' dir='ltr'><strong>omnia,</strong></span> <span class='ocrx_word' id='word_1_239' title='bbox 551 3047 582 3102; x_wconf 89' lang='lat' dir='ltr'><strong>ct</strong></span> <span class='ocrx_word' id='word_1_240' title='bbox 596 3040 782 3103; x_wconf 90' lang='lat' dir='ltr'><strong>illudsanote</strong></span> <span class='ocrx_word' id='word_1_241' title='bbox 794 3041 910 3103; x_wconf 86' lang='lat' dir='ltr'><strong>vivendi</strong></span> <span class='ocrx_word' id='word_1_242' title='bbox 922 3049 1078 3124; x_wconf 90' lang='lat' dir='ltr'><strong>tamquam</strong></span> <span class='ocrx_word' id='word_1_243' title='bbox 1092 3043 1292 3106; x_wconf 87' lang='lat' dir='ltr'><strong>clarissimum</strong></span> <span class='ocrx_word' id='word_1_244' title='bbox 1298 3045 1356 3107; x_wconf 90' lang='lat' dir='ltr'><strong>sibi</strong></span> <span class='ocrx_word' id='word_1_245' title='bbox 1367 3046 1468 3108; x_wconf 89' lang='lat' dir='ltr'><strong>iumen</strong></span> 
     </span>
     <span class='ocr_line' id='line_1_28' title="bbox 317 3137 1467 3222; baseline 0.008 -24"><span class='ocrx_word' id='word_1_246' title='bbox 317 3137 356 3199; x_wconf 89' lang='lat' dir='ltr'><strong>ad</strong></span> <span class='ocrx_word' id='word_1_247' title='bbox 377 3138 565 3219; x_wconf 92' lang='lat' dir='ltr'><strong>sequendum</strong></span> <span class='ocrx_word' id='word_1_248' title='bbox 591 3147 756 3220; x_wconf 88' lang='lat' dir='ltr'><strong>proponat,</strong></span> <span class='ocrx_word' id='word_1_249' title='bbox 780 3159 815 3202; x_wconf 87' lang='lat' dir='ltr'><strong>ac</strong></span> <span class='ocrx_word' id='word_1_250' title='bbox 838 3140 957 3202; x_wconf 88' lang='lat' dir='ltr'><strong>assidue</strong></span> <span class='ocrx_word' id='word_1_251' title='bbox 980 3142 1213 3222; x_wconf 86' lang='lat' dir='ltr'><strong>contempletur.</strong></span> <span class='ocrx_word' id='word_1_252' title='bbox 1237 3142 1297 3204; x_wconf 87' lang='lat' dir='ltr'><strong>Sed</strong></span> <span class='ocrx_word' id='word_1_253' title='bbox 1319 3144 1467 3207; x_wconf 80' lang='lat' dir='ltr'><strong>calestem</strong></span> 
     </span>
     <span class='ocr_line' id='line_1_29' title="bbox 320 3235 1467 3319; baseline 0.006 -23"><span class='ocrx_word' id='word_1_254' title='bbox 320 3253 413 3315; x_wconf 89' lang='lat' dir='ltr'><strong>opem</strong></span> <span class='ocrx_word' id='word_1_255' title='bbox 427 3235 565 3315; x_wconf 85' lang='lat' dir='ltr'><strong>exquirat</strong></span> <span class='ocrx_word' id='word_1_256' title='bbox 584 3237 716 3298; x_wconf 84' lang='lat' dir='ltr'><strong>maxima</strong></span> <span class='ocrx_word' id='word_1_257' title='bbox 737 3245 828 3319; x_wconf 87' lang='lat' dir='ltr'><strong>atquc</strong></span> <span class='ocrx_word' id='word_1_258' title='bbox 848 3237 1012 3319; x_wconf 91' lang='lat' dir='ltr'><strong>imploret:</strong></span> <span class='ocrx_word' id='word_1_259' title='bbox 1031 3238 1185 3319; x_wconf 80' lang='lat' dir='ltr'><strong>confugiat</strong></span> <span class='ocrx_word' id='word_1_260' title='bbox 1196 3239 1235 3300; x_wconf 91' lang='lat' dir='ltr'><strong>ad</strong></span> <span class='ocrx_word' id='word_1_261' title='bbox 1248 3240 1423 3317; x_wconf 86' lang='lat' dir='ltr'><strong>sanctitatis,</strong></span> <span class='ocrx_word' id='word_1_262' title='bbox 1435 3249 1467 3303; x_wconf 91' lang='lat' dir='ltr'><strong>et</strong></span> 
     </span>
     <span class='ocr_line' id='line_1_30' title="bbox 316 3331 1467 3417; baseline 0.008 -25"><span class='ocrx_word' id='word_1_263' title='bbox 316 3332 466 3393; x_wconf 93' lang='lat' dir='ltr'><strong>bonorum</strong></span> <span class='ocrx_word' id='word_1_264' title='bbox 482 3331 619 3392; x_wconf 89' lang='lat' dir='ltr'><strong>omnium</strong></span> <span class='ocrx_word' id='word_1_265' title='bbox 640 3340 794 3395; x_wconf 89' lang='lat' dir='ltr'><strong>auctorem</strong></span> <span class='ocrx_word' id='word_1_266' title='bbox 816 3337 911 3397; x_wconf 89' lang='lat' dir='ltr'><strong>Deum</strong></span> <span class='ocrx_word' id='word_1_267' title='bbox 935 3335 1035 3416; x_wconf 91' lang='lat' dir='ltr'><strong>ipsum</strong></span> <span class='ocrx_word' id='word_1_268' title='bbox 1045 3381 1053 3411; x_wconf 93' lang='lat'>‚</span> <span class='ocrx_word' id='word_1_269' title='bbox 1069 3336 1117 3397; x_wconf 94' lang='lat' dir='ltr'><strong>cui</strong></span> <span class='ocrx_word' id='word_1_270' title='bbox 1134 3335 1186 3397; x_wconf 90' lang='lat' dir='ltr'><strong>uni</strong></span> <span class='ocrx_word' id='word_1_271' title='bbox 1202 3336 1357 3410; x_wconf 87' lang='lat' dir='ltr'><strong>inserviet,</strong></span> <span class='ocrx_word' id='word_1_272' title='bbox 1378 3338 1467 3417; x_wconf 87' lang='lat' dir='ltr'><strong>cujus</strong></span> 
     </span>
     <span class='ocr_line' id='line_1_31' title="bbox 315 3426 1468 3518; baseline 0.009 -29"><span class='ocrx_word' id='word_1_273' title='bbox 315 3445 441 3490; x_wconf 89' lang='lat' dir='ltr'><strong>causam</strong></span> <span class='ocrx_word' id='word_1_274' title='bbox 453 3426 633 3488; x_wconf 90' lang='lat' dir='ltr'><strong>sustinebit:</strong></span> <span class='ocrx_word' id='word_1_275' title='bbox 649 3430 715 3507; x_wconf 84' lang='lat' dir='ltr'><strong>ejus</strong></span> <span class='ocrx_word' id='word_1_276' title='bbox 725 3431 861 3511; x_wconf 80' lang='lat' dir='ltr'><strong>prasidio</strong></span> <span class='ocrx_word' id='word_1_277' title='bbox 873 3452 904 3494; x_wconf 92' lang='lat' dir='ltr'><strong>se</strong></span> <span class='ocrx_word' id='word_1_278' title='bbox 913 3434 1048 3512; x_wconf 89' lang='lat' dir='ltr'><strong>muniat,</strong></span> <span class='ocrx_word' id='word_1_279' title='bbox 1060 3435 1112 3516; x_wconf 92' lang='lat' dir='ltr'><strong>qui</strong></span> <span class='ocrx_word' id='word_1_280' title='bbox 1126 3435 1203 3496; x_wconf 85' lang='lat' dir='ltr'><strong>vires</strong></span> <span class='ocrx_word' id='word_1_281' title='bbox 1220 3434 1259 3497; x_wconf 92' lang='lat' dir='ltr'><strong>ad</strong></span> <span class='ocrx_word' id='word_1_282' title='bbox 1273 3435 1390 3513; x_wconf 85' lang='lat' dir='ltr'><strong>cadem,</strong></span> <span class='ocrx_word' id='word_1_283' title='bbox 1399 3455 1468 3518; x_wconf 78' lang='lat' dir='ltr'><strong>que</strong></span> 
     </span>
     <span class='ocr_line' id='line_1_32' title="bbox 315 3522 1465 3612; baseline 0.005 -26"><span class='ocrx_word' id='word_1_284' title='bbox 315 3523 467 3606; x_wconf 86' lang='lat' dir='ltr'><strong>postulat,</strong></span> <span class='ocrx_word' id='word_1_285' title='bbox 492 3522 659 3605; x_wconf 88' lang='lat' dir='ltr'><strong>largissime</strong></span> <span class='ocrx_word' id='word_1_286' title='bbox 678 3525 865 3607; x_wconf 89' lang='lat' dir='ltr'><strong>impartitur,</strong></span> <span class='ocrx_word' id='word_1_287' title='bbox 887 3547 958 3591; x_wconf 92' lang='lat' dir='ltr'><strong>curn</strong></span> <span class='ocrx_word' id='word_1_288' title='bbox 979 3530 1058 3592; x_wconf 90' lang='lat' dir='ltr'><strong>illius</strong></span> <span class='ocrx_word' id='word_1_289' title='bbox 1079 3550 1137 3612; x_wconf 92' lang='lat' dir='ltr'><strong>ope</strong></span> <span class='ocrx_word' id='word_1_290' title='bbox 1163 3531 1253 3592; x_wconf 89' lang='lat' dir='ltr'><strong>unice</strong></span> <span class='ocrx_word' id='word_1_291' title='bbox 1273 3531 1465 3594; x_wconf 91' lang='lat' dir='ltr'><strong>confidimus.</strong></span> 
     </span>
     <span class='ocr_line' id='line_1_33' title="bbox 311 3618 1466 3704; baseline 0.004 -22"><span class='ocrx_word' id='word_1_292' title='bbox 311 3620 401 3683; x_wconf 87' lang='lat' dir='ltr'><strong>Hunc</strong></span> <span class='ocrx_word' id='word_1_293' title='bbox 425 3618 526 3699; x_wconf 86' lang='lat' dir='ltr'><strong>igitur,</strong></span> <span class='ocrx_word' id='word_1_294' title='bbox 547 3636 640 3700; x_wconf 90' lang='lat' dir='ltr'><strong>quem</strong></span> <span class='ocrx_word' id='word_1_295' title='bbox 653 3619 716 3681; x_wconf 81' lang='lat' dir='ltr'><strong>hec</strong></span> <span class='ocrx_word' id='word_1_296' title='bbox 741 3620 896 3700; x_wconf 86' lang='lat' dir='ltr'><strong>aptissime</strong></span> <span class='ocrx_word' id='word_1_297' title='bbox 913 3629 1124 3703; x_wconf 77' lang='lat' dir='ltr'><strong>prestaturum</strong></span> <span class='ocrx_word' id='word_1_298' title='bbox 1148 3625 1346 3704; x_wconf 89' lang='lat' dir='ltr'><strong>cognoscitis,</strong></span> <span class='ocrx_word' id='word_1_299' title='bbox 1367 3625 1466 3687; x_wconf 88' lang='lat' dir='ltr'><strong>dilecti</strong></span> 
     </span>
     <span class='ocr_line' id='line_1_34' title="bbox 312 3715 1464 3803; baseline 0.005 -26"><span class='ocrx_word' id='word_1_300' title='bbox 312 3716 379 3788; x_wconf 80' lang='lat' dir='ltr'><strong>filii,</strong></span> <span class='ocrx_word' id='word_1_301' title='bbox 410 3716 527 3779; x_wconf 87' lang='lat' dir='ltr'><strong>ostendi</strong></span> <span class='ocrx_word' id='word_1_302' title='bbox 552 3715 674 3777; x_wconf 87' lang='lat' dir='ltr'><strong>vobisa</strong></span> <span class='ocrx_word' id='word_1_303' title='bbox 696 3718 845 3796; x_wconf 88' lang='lat' dir='ltr'><strong>Domino,</strong></span> <span class='ocrx_word' id='word_1_304' title='bbox 868 3738 961 3801; x_wconf 91' lang='lat' dir='ltr'><strong>quem</strong></span> <span class='ocrx_word' id='word_1_305' title='bbox 985 3721 1054 3801; x_wconf 89' lang='lat' dir='ltr'><strong>eligi</strong></span> <span class='ocrx_word' id='word_1_306' title='bbox 1072 3721 1136 3803; x_wconf 90' lang='lat' dir='ltr'><strong>ipsc</strong></span> <span class='ocrx_word' id='word_1_307' title='bbox 1161 3722 1253 3799; x_wconf 89' lang='lat' dir='ltr'><strong>velit,</strong></span> <span class='ocrx_word' id='word_1_308' title='bbox 1282 3723 1464 3785; x_wconf 84' lang='lat' dir='ltr'><strong>existimate.</strong></span> 
     </span>
     <span class='ocr_line' id='line_1_35' title="bbox 312 3812 1467 3902; baseline 0.01 -29"><span class='ocrx_word' id='word_1_309' title='bbox 312 3812 442 3894; x_wconf 90' lang='lat' dir='ltr'><strong>Spiritus</strong></span> <span class='ocrx_word' id='word_1_310' title='bbox 460 3815 588 3876; x_wconf 90' lang='lat' dir='ltr'><strong>Sanctus</strong></span> <span class='ocrx_word' id='word_1_311' title='bbox 611 3814 649 3876; x_wconf 93' lang='lat' dir='ltr'><strong>de</strong></span> <span class='ocrx_word' id='word_1_312' title='bbox 669 3816 741 3877; x_wconf 77' lang='lat' dir='ltr'><strong>carlo</strong></span> <span class='ocrx_word' id='word_1_313' title='bbox 763 3816 946 3896; x_wconf 87' lang='lat' dir='ltr'><strong>delabentis,</strong></span> <span class='ocrx_word' id='word_1_314' title='bbox 965 3826 1055 3900; x_wconf 89' lang='lat' dir='ltr'><strong>atque</strong></span> <span class='ocrx_word' id='word_1_315' title='bbox 1078 3822 1286 3902; x_wconf 88' lang='lat' dir='ltr'><strong>apostolorum</strong></span> <span class='ocrx_word' id='word_1_316' title='bbox 1304 3823 1399 3885; x_wconf 86' lang='lat' dir='ltr'><strong>corda</strong></span> <span class='ocrx_word' id='word_1_317' title='bbox 1423 3822 1467 3884; x_wconf 88' lang='lat' dir='ltr'><strong>iu·</strong></span> 
     </span>
     <span class='ocr_line' id='line_1_36' title="bbox 314 3909 1467 3998; baseline 0.01 -28"><span class='ocrx_word' id='word_1_318' title='bbox 314 3909 502 3971; x_wconf 84' lang='lat' dir='ltr'><strong>flammantis</strong></span> <span class='ocrx_word' id='word_1_319' title='bbox 527 3911 694 3990; x_wconf 85' lang='lat' dir='ltr'><strong>memoria,</strong></span> <span class='ocrx_word' id='word_1_320' title='bbox 723 3932 815 3994; x_wconf 90' lang='lat' dir='ltr'><strong>quam</strong></span> <span class='ocrx_word' id='word_1_321' title='bbox 842 3934 924 3977; x_wconf 92' lang='lat' dir='ltr'><strong>nuuc</strong></span> <span class='ocrx_word' id='word_1_322' title='bbox 946 3924 1116 3998; x_wconf 91' lang='lat' dir='ltr'><strong>opportune</strong></span> <span class='ocrx_word' id='word_1_323' title='bbox 1143 3919 1325 3996; x_wconf 90' lang='lat' dir='ltr'><strong>recolimus,</strong></span> <span class='ocrx_word' id='word_1_324' title='bbox 1351 3926 1467 3981; x_wconf 76' lang='lat' dir='ltr'><strong>vestros</strong></span> 
     </span>
     <span class='ocr_line' id='line_1_37' title="bbox 312 4011 1467 4098; baseline 0.005 -24"><span class='ocrx_word' id='word_1_325' title='bbox 312 4011 407 4074; x_wconf 88' lang='lat' dir='ltr'><strong>etiam</strong></span> <span class='ocrx_word' id='word_1_326' title='bbox 430 4011 571 4089; x_wconf 87' lang='lat' dir='ltr'><strong>excitari,</strong></span> <span class='ocrx_word' id='word_1_327' title='bbox 597 4019 686 4093; x_wconf 86' lang='lat' dir='ltr'><strong>atque</strong></span> <span class='ocrx_word' id='word_1_328' title='bbox 711 4014 827 4076; x_wconf 90' lang='lat' dir='ltr'><strong>incendi</strong></span> <span class='ocrx_word' id='word_1_329' title='bbox 859 4014 975 4077; x_wconf 88' lang='lat' dir='ltr'><strong>animos</strong></span> <span class='ocrx_word' id='word_1_330' title='bbox 996 4017 1098 4098; x_wconf 86' lang='lat' dir='ltr'><strong>palam</strong></span> <span class='ocrx_word' id='word_1_331' title='bbox 1118 4015 1208 4079; x_wconf 86' lang='lat' dir='ltr'><strong>facite</strong></span> <span class='ocrx_word' id='word_1_332' title='bbox 1232 4040 1239 4078; x_wconf 94' lang='lat'><strong>:</strong></span> <span class='ocrx_word' id='word_1_333' title='bbox 1261 4017 1347 4079; x_wconf 91' lang='lat' dir='ltr'><strong>illum</strong></span> <span class='ocrx_word' id='word_1_334' title='bbox 1369 4036 1467 4080; x_wconf 88' lang='lat' dir='ltr'><strong>unum</strong></span> 
     </span>
     <span class='ocr_line' id='line_1_38' title="bbox 313 4111 1469 4195; baseline 0.007 -24"><span class='ocrx_word' id='word_1_335' title='bbox 313 4117 484 4188; x_wconf 88' lang='lat' dir='ltr'><strong>auctorem,</strong></span> <span class='ocrx_word' id='word_1_336' title='bbox 499 4118 532 4172; x_wconf 92' lang='lat' dir='ltr'><strong>et</strong></span> <span class='ocrx_word' id='word_1_337' title='bbox 549 4111 754 4173; x_wconf 88' lang='lat' dir='ltr'><strong>consiliarium</strong></span> <span class='ocrx_word' id='word_1_338' title='bbox 769 4113 799 4173; x_wconf 90' lang='lat' dir='ltr'><strong>in</strong></span> <span class='ocrx_word' id='word_1_339' title='bbox 826 4113 975 4195; x_wconf 79' lang='lat' dir='ltr'><strong>suffragiis</strong></span> <span class='ocrx_word' id='word_1_340' title='bbox 994 4115 1124 4177; x_wconf 85' lang='lat' dir='ltr'><strong>ferendis</strong></span> <span class='ocrx_word' id='word_1_341' title='bbox 1145 4115 1384 4178; x_wconf 82' lang='lat' dir='ltr'><strong>adbibeta.1tate</strong></span> <span class='ocrx_word' id='word_1_342' title='bbox 1406 4116 1469 4179; x_wconf 88' lang='lat' dir='ltr'><strong>boc</strong></span> 
     </span>
     <span class='ocr_line' id='line_1_39' title="bbox 311 4206 1467 4291; baseline 0.012 -26"><span class='ocrx_word' id='word_1_343' title='bbox 311 4206 403 4268; x_wconf 89' lang='lat' dir='ltr'><strong>Nobis</strong></span> <span class='ocrx_word' id='word_1_344' title='bbox 423 4232 431 4268; x_wconf 75' lang='grc' dir='ltr'><strong><em>ε</em></strong></span> <span class='ocrx_word' id='word_1_345' title='bbox 451 4209 511 4271; x_wconf 90' lang='lat' dir='ltr'><strong>hoc</strong></span> <span class='ocrx_word' id='word_1_346' title='bbox 533 4215 637 4271; x_wconf 81' lang='lat' dir='ltr'><strong>vestra</strong></span> <span class='ocrx_word' id='word_1_347' title='bbox 656 4210 775 4271; x_wconf 82' lang='lat' dir='ltr'><strong>virtutis</strong></span> <span class='ocrx_word' id='word_1_348' title='bbox 794 4213 932 4291; x_wconf 82' lang='lat' dir='ltr'><strong>prasenti</strong></span> <span class='ocrx_word' id='word_1_349' title='bbox 956 4216 1130 4277; x_wconf 86' lang='lat' dir='ltr'><strong>testimonio</strong></span> <span class='ocrx_word' id='word_1_350' title='bbox 1151 4223 1288 4279; x_wconf 88' lang='lat' dir='ltr'><strong>nostram</strong></span> <span class='ocrx_word' id='word_1_351' title='bbox 1307 4216 1346 4277; x_wconf 90' lang='lat' dir='ltr'><strong>de</strong></span> <span class='ocrx_word' id='word_1_352' title='bbox 1377 4216 1467 4279; x_wconf 89' lang='lat' dir='ltr'><strong>vobis</strong></span> 
     </span>
     <span class='ocr_line' id='line_1_40' title="bbox 312 4303 1468 4396; baseline 0.014 -36"><span class='ocrx_word' id='word_1_353' title='bbox 312 4303 568 4380; x_wconf 75' lang='lat' dir='ltr'><strong>preclarissimam</strong></span> <span class='ocrx_word' id='word_1_354' title='bbox 580 4303 766 4387; x_wconf 88' lang='lat' dir='ltr'><strong>opinionem,</strong></span> <span class='ocrx_word' id='word_1_355' title='bbox 782 4325 818 4368; x_wconf 88' lang='lat' dir='ltr'><strong>ac</strong></span> <span class='ocrx_word' id='word_1_356' title='bbox 831 4309 973 4372; x_wconf 83' lang='lat' dir='ltr'><strong>eximiam</strong></span> <span class='ocrx_word' id='word_1_357' title='bbox 984 4311 1014 4373; x_wconf 92' lang='lat' dir='ltr'><strong>in</strong></span> <span class='ocrx_word' id='word_1_358' title='bbox 1030 4331 1083 4374; x_wconf 85' lang='lat' dir='ltr'><strong>vos</strong></span> <span class='ocrx_word' id='word_1_359' title='bbox 1093 4313 1336 4375; x_wconf 88' lang='lat' dir='ltr'><strong>benevolentiam</strong></span> <span class='ocrx_word' id='word_1_360' title='bbox 1352 4315 1468 4396; x_wconf 89' lang='lat' dir='ltr'><strong>ampti-</strong></span> 
     </span>
     <span class='ocr_line' id='line_1_41' title="bbox 312 4397 1466 4490; baseline 0.013 -34"><span class='ocrx_word' id='word_1_361' title='bbox 312 4397 412 4458; x_wconf 84' lang='lat' dir='ltr'><strong>frcate.</strong></span> <span class='ocrx_word' id='word_1_362' title='bbox 434 4401 567 4463; x_wconf 83' lang='lat' dir='ltr'><strong>Eandem</strong></span> <span class='ocrx_word' id='word_1_363' title='bbox 577 4403 694 4482; x_wconf 85' lang='lat' dir='ltr'><strong>jamdiu</strong></span> <span class='ocrx_word' id='word_1_364' title='bbox 707 4402 831 4482; x_wconf 91' lang='lat' dir='ltr'><strong>quidem</strong></span> <span class='ocrx_word' id='word_1_365' title='bbox 851 4405 882 4467; x_wconf 89' lang='lat' dir='ltr'><strong>in</strong></span> <span class='ocrx_word' id='word_1_366' title='bbox 896 4425 950 4467; x_wconf 88' lang='lat' dir='ltr'><strong>vos</strong></span> <span class='ocrx_word' id='word_1_367' title='bbox 967 4415 1141 4490; x_wconf 90' lang='lat' dir='ltr'><strong>susceptam</strong></span> <span class='ocrx_word' id='word_1_368' title='bbox 1161 4410 1266 4488; x_wconf 89' lang='lat' dir='ltr'><strong>augeri</strong></span> <span class='ocrx_word' id='word_1_369' title='bbox 1284 4408 1417 4471; x_wconf 84' lang='lat' dir='ltr'><strong>maxime</strong></span> <span class='ocrx_word' id='word_1_370' title='bbox 1435 4409 1466 4471; x_wconf 91' lang='lat' dir='ltr'><strong>in</strong></span> 
     </span>
     <span class='ocr_line' id='line_1_42' title="bbox 310 4495 1466 4589; baseline 0.016 -35"><span class='ocrx_word' id='word_1_371' title='bbox 310 4495 383 4573; x_wconf 81' lang='lat' dir='ltr'><strong>dias,</strong></span> <span class='ocrx_word' id='word_1_372' title='bbox 393 4502 480 4577; x_wconf 85' lang='lat' dir='ltr'><strong>atque</strong></span> <span class='ocrx_word' id='word_1_373' title='bbox 491 4499 661 4563; x_wconf 82' lang='lat' dir='ltr'><strong>adolescere</strong></span> <span class='ocrx_word' id='word_1_374' title='bbox 673 4520 791 4582; x_wconf 87' lang='lat' dir='ltr'><strong>semper</strong></span> <span class='ocrx_word' id='word_1_375' title='bbox 800 4503 947 4565; x_wconf 88' lang='lat' dir='ltr'><strong>sensimus</strong></span> <span class='ocrx_word' id='word_1_376' title='bbox 963 4529 970 4565; x_wconf 91' lang='lat'>:</span> <span class='ocrx_word' id='word_1_377' title='bbox 982 4512 1012 4567; x_wconf 88' lang='lat' dir='ltr'><strong>et</strong></span> <span class='ocrx_word' id='word_1_378' title='bbox 1022 4525 1091 4568; x_wconf 87' lang='lat' dir='ltr'><strong>cum</strong></span> <span class='ocrx_word' id='word_1_379' title='bbox 1100 4506 1208 4569; x_wconf 89' lang='lat' dir='ltr'><strong>deinde</strong></span> <span class='ocrx_word' id='word_1_380' title='bbox 1216 4507 1254 4568; x_wconf 93' lang='lat' dir='ltr'><strong>ad</strong></span> <span class='ocrx_word' id='word_1_381' title='bbox 1267 4505 1466 4589; x_wconf 82' lang='lat' dir='ltr'><strong>apostolicam</strong></span> 
     </span>
    </p>
   </div>
   <div class='ocr_carea' id='block_1_4' title="bbox 0 0 1602 5354">
    <p class='ocr_par' dir='ltr' id='par_1_4' title="bbox 0 0 1602 5354">
     <span class='ocr_line' id='line_1_43' title="bbox 0 0 1602 5354; baseline 0 1"><span class='ocrx_word' id='word_1_382' title='bbox 0 0 1602 5354; x_wconf 95' lang='lat' dir='ltr'><strong> </strong></span> 
     </span>
    </p>
   </div>
  </div>
 </body>
</html>
