3194 5354
228 492 264 543 46
660 486 830 542 ctnnrnr
832 487 863 551 ts
881 488 947 542 xlv

227 610 264 651 ac
277 589 435 667 ostendas,
456 589 504 651 cui
525 589 598 650 certi
618 607 724 652 sumus
744 589 825 652 idem
849 591 913 652 lore
927 591 1180 672 acceptissimum.
1201 593 1291 668 Quod
1303 595 1382 658 dum

227 687 318 749 tocies
337 686 437 749 eidem
456 686 610 749 carimimo
633 687 663 748 in
683 687 800 749 Christo
813 688 875 750 lilio
893 695 997 750 nostro
1014 690 1211 770 apostolicam
1232 691 1382 755 beraedio-

227 783 340 845 tionem
362 782 503 860 allobis,
523 800 617 863 quarn
633 799 704 844 cum
728 783 902 846 ardentibus
916 803 952 845 ac
964 803 1121 867 nunquam
1143 786 1325 852 intermissis
1340 790 1381 852 de

227 879 321 960 ipsius
331 887 362 941 et
382 879 470 959 regie
482 878 576 940 totius
596 877 717 940 tamittae
732 879 828 942 salute
843 898 879 942 ac
892 880 1034 944 felicitate
1053 883 1131 945 votis
1144 885 1379 966 conjungimus,

226 979 432 1042 amantissime
451 979 642 1061 impertieris.
657 980 762 1042 Cetera
784 999 852 1063 qua
873 981 932 1042 bac
952 981 983 1043 in
998 999 1092 1044 causa
1110 989 1292 1064 supersunt,
1312 984 1380 1048 lone

226 1077 316 1158 plane
333 1096 370 1139 ex
390 1085 492 1140 nostra
505 1078 654 1141 sententia
668 1077 769 1141 facilia
786 1096 895 1159 nempe
908 1097 944 1140 ac
962 1077 1103 1160 expedita
1113 1097 1283 1161 speramm
1296 1083 1379 1144 llos-

226 1181 305 1235 tram
318 1181 399 1236 rerte
411 1174 442 1236 in
452 1174 560 1236 eadem
572 1193 664 1237 causa
675 1193 811 1256 operam,
825 1176 1011 1257 diligentiam
1021 1194 1056 1238 ac
1067 1177 1202 1240 studium
1211 1176 1376 1242 desiderari

226 1289 410 1352 aquoquam
427 1289 516 1352 posse
533 1290 688 1354 nunquam
706 1273 867 1354 patiemur.
886 1272 1046 1354 Reliquum
1063 1282 1124 1351 est,
1140 1279 1175 1336 ut
1187 1274 1255 1352 tibi,
1267 1274 1379 1338 dilecto

225 1369 278 1446 nti,
296 1370 442 1448 maiorem
461 1369 491 1431 in
511 1370 636 1432 modum
654 1370 834 1451 persuadeas
852 1371 925 1433 nihil
943 1373 1004 1433 Nos
1024 1372 1122 1452 magis
1135 1389 1263 1453 cupere,
1282 1392 1377 1454 quam

225 1471 258 1525 ut
272 1482 351 1525 nova
366 1463 458 1524 Nobis
469 1481 590 1545 semper
603 1470 766 1545 suppetant
780 1473 971 1545 argumenta,
986 1465 1097 1547 quihus
1110 1467 1165 1529 tibi
1178 1467 1378 1532 luculentissi-

224 1580 309 1622 mum
326 1567 464 1624 nostrum
479 1561 509 1622 in
523 1568 553 1623 te
568 1563 703 1624 animum
715 1561 810 1642 magis
824 1561 930 1625 indies
944 1571 1087 1628 testatum
1105 1566 1265 1632 faciamus.
1281 1572 1327 1632 Ac
1346 1570 1377 1632 in

224 1657 382 1737 singularis
394 1656 553 1738 pontificia
566 1656 700 1719 caritatis
712 1657 822 1738 pignus
835 1661 1032 1740 apostolicam
1045 1663 1288 1729 benedictionem
1300 1667 1376 1743 tibi,

222 1753 331 1817 dilecte
341 1754 382 1816 lili
389 1799 398 1831 ‚
412 1759 603 1835 peramanter
612 1754 812 1836 impertimur.
825 1757 937 1820 Dotem
948 1760 1060 1832 chtoe,
1070 1768 1142 1833 etc„
1153 1763 1204 1824 die
1216 1775 1250 1825 tt
1260 1763 1378 1827 dacen-

223 1853 284 1912 bris
304 1863 391 1928 tros,
405 1853 598 1931 pontificatus
611 1855 708 1912 nostri
719 1869 798 1913 oeno
808 1856 920 1929 primo.

741 2061 853 2134 XLIV.

689 2216 824 2261 urnrcro
846 2218 931 2261 rrnro

354 2322 537 2383 stuntabl
563 2322 767 2398 GfflfflAR,
801 2323 997 2387 canoutco
1027 2321 1244 2395 ttttfilttrtst,

532 2433 768 2512 CLEMENS
796 2437 924 2513 ΡΑΡΑ
952 2435 1058 2513 xlv.

934 2591 1028 2652 horne,
1040 2595 1071 2640 ²0
1080 2587 1214 2639 decembris
1228 2591 1295 2639 ¹769.

262 2698 389 2768 Dilecto,
408 2703 467 2757 etc.
481 2693 603 2756 Nullum
618 2697 771 2777 acceptius
785 2715 851 2760 esse
866 2696 959 2758 Nobis
971 2715 989 2758 a
1009 2703 1038 2757 te
1051 2697 1166 2777 potest,
1184 2710 1277 2775 quarn
1291 2694 1374 2775 quod

221 2793 355 2875 appellas
369 2801 427 2855 tuae
441 2809 512 2854 cum
525 2791 694 2873 religionis,
707 2798 773 2854 tum
788 2810 859 2874 erga
870 2793 901 2853 S.
923 2791 1031 2854 Sedent
1045 2789 1241 2854 observantie
1264 2808 1299 2852 ac
1316 2788 1374 2853 de-

219 2891 349 2955 votionis
369 2895 616 2969 monumentum,
640 2888 682 2953 illi
703 2889 816 2954 scilicet
832 2890 898 2952 libri
920 2890 981 2968 tui,
1004 2888 1113 2972 quibus
1135 2893 1241 2950 eontra
1263 2886 1372 2951 falsam

219 2989 444 3071 philosophiam
467 2986 571 3071 utique
584 3003 665 3049 nunc
682 2992 869 3069 grassantem
892 2984 1117 3049 conscribendis
1135 2983 1239 3066 viginti
1253 2990 1284 3047 et
1304 3002 1374 3048 arn-

217 3087 297 3167 plius
311 3106 406 3150 anuos
421 3087 549 3151 versaris
570 3095 716 3169 tuumque
736 3085 870 3148 animum
890 3084 991 3148 studio
1003 3082 1136 3148 veritatis
1148 3098 1327 3158 accensum,
1341 3088 1373 3143 et

217 3184 358 3246 doctrina
371 3191 517 3266 tanquam
538 3183 726 3247 solidissimis
746 3184 931 3265 argumentis
944 3184 1124 3247 instructum
1138 3181 1217 3246 illius
1237 3179 1372 3244 audaciae

218 3297 255 3339 ac
270 3279 429 3340 temeritati
443 3279 582 3359 opponis.
593 3281 638 3341 Ea
650 3279 785 3343 nondum
795 3280 832 3344 ad
847 3281 909 3343 Nos
920 3281 1036 3362 perlata
1045 3285 1116 3342 sunt
1125 3277 1290 3356 volumina,
1301 3295 1371 3359 quae

218 3373 355 3453 quidem,
369 3373 394 3435 si
411 3373 584 3455 quidnobis
598 3373 628 3435 in
643 3380 726 3437 muta
739 3377 931 3457 negotiorum
945 3377 1025 3440 mola
1036 3375 1122 3439 vacui
1138 3374 1285 3460 temporis
1296 3374 1370 3455 erit,

219 3472 416 3555 cupidissime
429 3470 628 3554 perlegamus.
642 3475 758 3538 Interea
771 3474 824 3536 tihi
838 3474 1030 3538 vehementer
1044 3491 1221 3556 persuasum
1234 3490 1299 3536 esse
1313 3490 1372 3535 cu-

217 3571 332 3653 pimus,
351 3569 522 3652 gratissimo
543 3568 649 3632 eadem
663 3588 719 3632 nos
740 3570 841 3634 animo
861 3578 1038 3654 accepturos
1056 3588 1139 3650 esse,
1154 3568 1372 3652 habiturosque

217 3677 373 3751 tamquam
392 3665 645 3750 locupletissimos
665 3668 709 3728 tui
731 3667 784 3730 zeli
804 3686 840 3730 ac
853 3666 1007 3751 sapientiae
1027 3675 1119 3731 testes
1138 3673 1228 3748 atque
1242 3665 1369 3729 indices.

215 3768 355 3830 Studium
369 3768 470 3848 itaque
483 3764 657 3844 hujusmodi
671 3771 774 3845 tuum,
790 3764 900 3829 dilecte
918 3765 976 3844 fili,
997 3766 1072 3828 dum
1088 3765 1150 3828 Nos
1169 3763 1319 3842 majorem
1341 3761 1371 3824 iu

213 3862 342 3925 modum
355 3861 622 3940 commendamus,
643 3869 733 3943 teque
746 3863 906 3925 hortamur
916 3863 1025 3942 etiam,
1042 3870 1075 3926 ut
1092 3862 1123 3925 in
1143 3879 1181 3922 eo
1201 3866 1261 3922 tuae
1273 3857 1373 3923 laudis

212 3960 366 4025 curriculo
378 3977 497 4039 semper
512 3959 641 4041 insistas,
654 3979 716 4024 uua
725 3960 765 4023 de
775 3967 903 4042 paterna
917 3962 1048 4044 plurima
1061 3967 1164 4024 nostra
1179 3954 1305 4023 caritate
1318 3976 1372 4020 se-

214 4077 322 4122 curum
334 4076 399 4121 esse
413 4064 443 4118 te
454 4055 612 4135 iubemus,
631 4077 667 4120 ac
678 4057 709 4120 in
724 4058 789 4136 ejus
801 4058 1001 4122 certissimum
1014 4059 1123 4142 pignus
1136 4055 1268 4135 recipere
1282 4070 1373 4135 apos-

214 4155 338 4221 tolicam
358 4153 602 4221 benedictionem
615 4173 676 4237 qun
689 4161 719 4215 te
737 4161 850 4238 tuaque
864 4155 964 4219 studia
978 4154 1200 4238 prosequimur,
1214 4166 1372 4233 quamque

215 4258 249 4312 ut
261 4251 366 4317 divine
383 4251 602 4317 benedictionis
617 4249 772 4332 auspicem
785 4271 822 4315 ex
845 4252 946 4316 animo
968 4252 1020 4315 tihi
1039 4271 1077 4315 ac
1094 4253 1286 4333 peramanter
1307 4248 1373 4313 im-

213 4348 370 4430 pertimur.
393 4354 506 4414 Datim
529 4350 641 4420 Romae,
657 4354 727 4420 etc,
742 4348 793 4409 dte
815 4359 852 4409 πο
868 4347 1034 4413 decembris
1056 4360 1149 4427 tttttt,
1171 4345 1372 4428 ponteficum

213 4451 310 4510 noem
320 4465 400 4509 anno
409 4452 523 4528 pomo.
