3194 5354
327 480 379 528 80⁰
757 474 964 529 CLEMENTIS
981 474 1048 530 xlv

327 578 422 639 nostri
432 595 521 640 sensu
532 579 736 641 amaritissime
741 574 946 659 impertimur.
961 579 1076 640 Deturn
1085 581 1196 650 Rome,
1207 580 1291 660 apred
1300 579 1334 641 S.
1347 581 1481 641 llcrina

327 679 489 754 Mejosem,
504 677 558 738 seb
571 676 695 738 Annaeo
714 677 892 746 Piscatorts,
915 676 965 736 die
985 685 1023 736 24
1037 679 1141 736 martii
1167 686 1262 752 tm,
1283 679 1484 756 pestilenter

326 779 424 835 nostri
437 792 516 836 anan
531 779 647 854 quinto.

808 879 992 901 ο--ι-ι-ιι-ιιι,

822 999 973 1071 CCLXll.

738 1156 928 1202 neumarum
949 1155 1065 1199 rnsrar

570 1261 757 1324 lGNATIO
784 1262 999 1323 EPISCOPO
1026 1260 1237 1320 VlLNENSl

636 1384 870 1462 stannus
897 1385 1025 1462 rara
1043 1359 1160 1459 'xm

1096 1542 1196 1599 llome,
1212 1545 1239 1589 ιο
1249 1539 1330 1602 aprilis
1346 1544 1417 1590 lm

373 1650 573 1725 Venerabilis,
592 1657 648 1709 etc.
675 1649 821 1728 Pergratae
833 1646 926 1709 Nobis
940 1646 1072 1722 luerunt,
1088 1644 1274 1707 Venerabilis
1293 1645 1410 1722 Frater,
1429 1645 1483 1706 Ιιι,

326 1753 398 1808 terte
406 1747 593 1829 inequitas
602 1752 672 1827 post
682 1745 827 1827 plurimas
834 1743 942 1807 laudes
948 1743 1057 1805 dilecto
1067 1741 1130 1805 lilio
1142 1742 1291 1805 Slanislao
1300 1741 1482 1804 διιιιιιιιιι-

327 1844 435 1906 newicz
460 1842 641 1906 cathedralis
665 1842 797 1906 ecclesias
821 1845 885 1903 tue
906 1839 1053 1902 canonico
1083 1839 1213 1902 tributas
1239 1839 1279 1900 ob
1303 1839 1482 1920 praeclaram

327 1958 454 2022 operam
466 1940 507 2001 -in
530 1940 651 2003 dioecesi
665 1949 718 2002 tua
735 1948 765 2002 te
781 1940 925 2016 absente,
944 1944 1088 2001 navamm
1105 1957 1124 2000 a
1140 1938 1234 2000 Nobis
1254 1937 1432 2019 postulasti,
1447 1944 1482 1999 ut

327 2037 435 2101 eodem
451 2038 598 2100 canonico
622 2039 660 2100 ad
683 2039 874 2120 episcopatus
894 2037 1024 2117 gradum
1045 2043 1168 2114 evecto,
1187 2038 1304 2116 majora
1324 2036 1366 2098 illi
1384 2036 1482 2116 spatia

328 2135 501 2198 exercenda
515 2136 645 2214 virtutis,
660 2136 763 2216 tuique
778 2135 810 2196 in
824 2135 990 2216 apostolico
1003 2134 1170 2197 ministerio
1183 2132 1348 2212 adjuvandi
1359 2133 1480 2215 patela-

326 2251 474 2295 ceremus.
485 2232 564 2294 Nihil
576 2233 656 2294 enim
668 2231 760 2294 Nobis
770 2230 932 2311 jucundius
946 2231 1083 2294 accidere
1098 2238 1208 2312 potest,
1225 2249 1321 2311 quam
1334 2239 1368 2293 ut
1385 2233 1480 2313 Apos-

328 2331 425 2394 tolicae
439 2331 522 2393 Sedis
535 2331 690 2393 beneficiis
709 2349 744 2392 ae
758 2329 888 2412 praemiis
901 2348 973 2392 eum
992 2348 1174 2410 augeamus,
1192 2346 1283 2409 quem
1296 2336 1350 2390 tuo
1363 2328 1481 2410 μιιίι-

326 2429 403 2491 simo
420 2428 536 2508 judicio
560 2448 596 2491 ac
617 2428 879 2493 commendatione
899 2433 1041 2499 ornatum
1065 2427 1171 2489 iisdem
1189 2426 1401 2506 dignissimum
1421 2426 1482 2489 du-.

325 2525 438 2601 cimus,
458 2525 571 2605 tibique
594 2544 655 2587 una
678 2525 894 2605 gratificamur,
911 2544 1003 2608 quem
1025 2526 1063 2588 de
1079 2524 1213 2587 Ecclesia
1232 2530 1324 2605 atque
1343 2523 1419 2586 adeo
1442 2523 1485 2586 de

326 2622 419 2685 Nobis
432 2623 503 2704 ipsis
516 2633 579 2685 tam
598 2624 741 2704 praeclare
752 2624 893 2686 meritum
907 2641 973 2687 esse
987 2622 1110 2686 scimus.
1123 2621 1257 2684 Allatum
1271 2620 1354 2682 enim
1367 2620 1408 2683 ad
1420 2622 1485 2690 Nos

325 2727 372 2780 est
379 2738 467 2801 ,qun
480 2727 531 2781 tua
548 2719 636 2781 luerit
656 2737 712 2800 pro
725 2718 795 2782 fidei
816 2720 986 2800 integritate
998 2719 1112 2783 tuenda
1120 2735 1234 2799 ,quam
1248 2724 1372 2779 strenua
1391 2723 1479 2800 atque

324 2817 443 2898 egregia
461 2835 568 2899 opera;
586 2823 617 2878 et
628 2815 813 2882 Venerabilis
828 2819 934 2880 Frater
945 2817 1094 2899 losepbus
1107 2814 1361 2896 Arcbiepiscopus
1378 2815 1482 2897 Beryti

325 2913 499 2976 Ordinarius
519 2920 621 2975 noster
635 2911 665 2974 ιιι
679 2912 804 2978 Polonia
816 2913 968 2992 Nunnius,
987 2913 1062 2983 dum
1079 2912 1187 2975 bunc
1179 2929 1280 2993 ipsum
1297 2912 1478 2975 canonicum

325 3010 598 3074 Siestrczenrewicz
611 3009 704 3073 Nobis
721 3009 965 3089 commendaret,
985 3028 1115 3092 suasque
1129 3009 1222 3072 etiam
1240 3007 1346 3071 laudes
1365 3010 1428 3072 tuis
1441 3009 1479 3072 de

326 3109 377 3172 illo
395 3109 553 3192 preconiis
565 3108 751 3190 adjungeret,
770 3108 938 3172 luculenter
955 3108 1048 3171 Nobis
1064 3107 1102 3170 de
1123 3114 1176 3170 tuo
1193 3105 1359 3187 singulari
1351 3125 1384 3169 ιιι
1404 3107 1479 3169 reli-

324 3207 445 3286 gionem
459 3205 575 3282 studio,
596 3206 715 3285 tuisque
735 3204 861 3284 egregiis
879 3203 967 3267 tactis
989 3203 1179 3286 perscripsit,
1203 3210 1239 3271 ut
1251 3210 1400 3285 quantum
1422 3203 1478 3266 tibi

232 3293 233 3299 '
323 3304 487 3365 debeamus
505 3309 536 3365 et
547 3320 667 3383 sperare
680 3301 824 3383 deinceps
835 3302 873 3365 de
888 3303 1030 3384 pastorali
1042 3311 1096 3364 tua
1108 3301 1299 3366 solicitudine
1312 3299 1476 3384 possimus,

323 3397 416 3461 Nobis
436 3397 475 3457 sit
492 3395 764 3477 persuasissimum.
782 3399 888 3480 ltaque
901 3415 1083 3482 magnopere
1100 3397 1267 3481 gaudemus
1281 3397 1360 3482 grati
1378 3399 1476 3462 nostri

324 3496 377 3559 tibi
391 3494 563 3560 declarandi
584 3496 675 3558 animi
692 3499 949 3578 opportunitatem
966 3499 1060 3562 Nobis
1073 3499 1141 3561 dari
1150 3499 1181 3562 in
1201 3497 1361 3581 episcopali
1372 3494 1477 3576 digni-

322 3596 385 3658 tate
398 3594 544 3658 canonico
560 3592 833 3656 Siestrczenzewicz
843 3594 1026 3658 conterenda
1032 3641 1041 3676 ,
1051 3595 1134 3677 quod
1146 3596 1269 3678 quidam
1278 3592 1478 3659 libentissime

322 3696 384 3756 Nos
399 3694 533 3756 tacturos
553 3692 742 3774 profitemur.
758 3691 847 3755 Illum
862 3691 944 3754 enim
960 3711 1032 3756 cum
1050 3693 1082 3755 in
1101 3712 1138 3756 eo
1155 3692 1249 3776 gradu
1267 3691 1324 3754 erit
1346 3690 1477 3755 aNobis

322 3791 515 3868 constitutus,
535 3797 567 3852 et
581 3796 634 3853 tuo
648 3791 787 3872 exemplo
800 3789 929 3852 mirilico
946 3791 1110 3854 excitatum
1121 3791 1220 3871 iri,.et
1237 3794 1269 3852 te
1283 3788 1377 3869 brrjus
1397 3789 1478 3852 subn

325 3891 392 3956 sidii
406 3890 578 3953 accessione
594 3891 625 3953 in
642 3892 730 3954 vinea
751 3890 871 3954 Domini
883 3891 1049 3954 excolenda
1067 3892 1250 3974 paratiorem
1264 3888 1407 3953 lutumm
1419 3908 1478 3952 ar-

322 3991 481 4053 bitramur.
496 3986 618 4048 Interim
630 3993 660 4049 te
675 3989 818 4070 preclare
829 3988 867 4051 de
887 3988 980 4051 Nobis
993 3988 1101 4052 mereri
1121 3994 1351 4071 perrecturum,
1365 3995 1480 4069 etquis

322 4085 516 4169 presentiam
537 4083 688 4164 religionis
705 4086 905 4148 incolumitati
918 4085 1056 4168 presidia
1069 4084 1169 4148 afferri
1187 4091 1264 4164 ale,
1287 4084 1478 4148 Venerabilis

322 4188 435 4264 Frater,
448 4191 590 4267 possunt,
610 4200 646 4245 ea
668 4184 858 4264 potissimum
874 4185 934 4248 boc
948 4192 1084 4268 tempore
1102 4191 1133 4246 te
1148 4185 1353 4265 prestiturum
1373 4183 1478 4247 centia

322 4282 430 4346 dimus.
443 4287 518 4347 Cum
528 4282 609 4347 enim
621 4302 731 4365 magno
743 4284 773 4346 in
783 4293 866 4347 metu
875 4285 968 4348 simus
980 4304 1018 4348 ne
1029 4303 1095 4367 qua
1104 4283 1317 4346 molitionesin
1327 4281 1474 4365 proximis

323 4380 404 4458 regni
421 4384 508 4444 vestri
525 4382 656 4446 comitiis
671 4383 813 4446 adversus
830 4382 922 4445 divini
935 4383 1036 4445 cultus
1056 4380 1259 4461 integritatem
1277 4379 1372 4456 liant,
1386 4387 1417 4443 te
1434 4378 1478 4442 ad·

322 4474 444 4539 easdem
456 4480 537 4542 omni
555 4487 666 4544 conatu
679 4480 876 4562 repellendas,
887 4479 988 4561 quoad
998 4487 1049 4543 lua
1061 4478 1124 4543 fieri
1142 4477 1264 4559 poterit,
1278 4477 1471 4555 adirisurum,
1567 4489 1569 4493 ’
