3194 5354
549 478 773 534 nocutteltta
792 479 915 534 VARlA.
1252 480 1304 534 nidd

160 587 222 644 stra
233 582 271 643 de
280 599 340 642 non
350 582 481 644 tollendo
488 585 556 662 jure
567 583 705 664 quesite,
716 602 771 646 nec
782 602 842 645 non
857 582 1022 663 sepedicta
1034 583 1201 658 societatis,
1215 583 1305 646 illius·

159 698 217 759 quc
229 682 411 756 Domorum,
425 679 640 759 Collegiorum,
654 698 690 740 ac
701 679 900 740 Eeclesiarum
914 677 1005 739 etiam
1019 678 1205 755 juramento,
1224 679 1303 741 'Con-

158 776 328 837 firmationc
340 776 530 856 apostoliea,
543 775 589 837 vel
602 775 708 855 quavis
720 774 862 836 firmitate
876 774 950 835 alias
962 772 1109 835 roboratis
1121 774 1258 852 statutis,
1273 783 1304 836 et

159 873 442 945 consuetudinibus,
462 872 622 953 privilegiis
640 889 761 952 quoque
782 871 919 948 indultis,
940 877 971 932 et
992 871 1109 933 Litteris
1122 872 1303 952 Apostolicis

158 970 255 1033 eidem
270 970 410 1033 Societoti
421 1016 429 1044 ,
439 969 575 1051 illiusque
588 968 811 1050 Superioribus,
819 966 981 1047 religiosis,
994 974 1025 1027 et
1038 966 1170 1047 personis
1181 969 1303 1048 quibos-

158 1068 230 1129 libet
245 1069 301 1129 sub
311 1067 466 1148 quibusvis
475 1065 688 1141 tenoribus,ct
696 1064 865 1141 sonnis,ac
875 1080 947 1125 cum
957 1062 1111 1143 quibusvis
1119 1063 1208 1125 etiam
1218 1063 1304 1126 dero-

158 1167 344 1243 gatoriarum
363 1165 576 1245 derogatorlis.
597 1164 722 1245 aliisque
742 1163 871 1225 decretis
885 1164 977 1225 etiam
997 1162 1198 1231 irritantibus,
1212 1164 1303 1225 etiam

160 1272 244 1326 motu
256 1264 361 1338 simili,
372 1264 465 1325 etiarn
479 1262 735 1338 consistorialiter,
753 1279 789 1322 ac
801 1260 875 1322 alias
888 1259 1114 1342 quomodolibet
1132 1261 1302 1335 concessis,

159 1361 360 1433 confirmatis,
373 1367 404 1422 et
414 1360 572 1422 innovatis.
583 1358 696 1434 Quibus
708 1357 848 1421 omnibus
860 1364 891 1419 et
900 1356 1035 1436 singulis,
1046 1357 1158 1419 etiamsi
1175 1375 1231 1437 pro
1240 1359 1304 1420 illo

160 1475 228 1517 rum
240 1457 398 1519 sufficienti
412 1458 607 1538 derogatione
622 1458 660 1520 de
674 1457 742 1532 illis,
753 1474 919 1537 eorumque
933 1454 1005 1516 totis
1022 1455 1174 1517 tenoribus
1192 1458 1305 1537 specia-

159 1554 194 1614 lis
211 1572 367 1634 expressa,
382 1563 413 1616 et
433 1554 602 1632 individua,
622 1573 658 1616 ac
679 1553 717 1616 de
737 1553 829 1616 verbo
843 1552 1038 1629 adverbum,
1062 1571 1121 1614 non
1136 1559 1237 1616 antem
1250 1574 1304 1636 per

158 1651 305 1712 clausulas
317 1652 471 1731 generales
483 1650 563 1713 idem
574 1651 773 1732 imponantes
783 1649 913 1721 mentio,
926 1667 979 1711 scu
990 1649 1101 1730 quevis
1114 1650 1173 1712 alia
1184 1670 1304 1732 expres

159 1749 204 1810 sio
217 1750 374 1825 habenda,
388 1756 440 1811 aut
456 1750 555 1832 aliqua
572 1749 631 1812 alia
650 1748 798 1830 exquisita
811 1747 910 1810 forma
924 1747 962 1809 ad
975 1748 1035 1811 boc
1052 1748 1197 1811 servanda
1209 1748 1302 1827 soret,

158 1846 279 1908 illorum
295 1847 448 1915 omnium,
469 1854 500 1908 ct
521 1848 707 1926 singulorum
720 1851 856 1924 tenores,
870 1865 906 1908 ac
920 1847 944 1908 si
959 1846 997 1909 de
1010 1848 1102 1909 verbo
1116 1847 1154 1908 ad
1178 1848 1304 1911 verbum

159 1943 230 2003 nihil
239 1944 357 2023 penitus
367 1944 495 2019 omisso,
505 1950 536 2005 et
546 1944 645 2006 forma
656 1943 754 2005 inillis
764 1943 876 2007 tradita
886 1945 1045 2008 observato
1055 1947 1302 2027 exprimerentur,

157 2048 188 2101 ot
198 2041 409 2115 insererentur,
419 2041 616 2121 praesentibus
628 2060 684 2123 pro
690 2042 793 2122 plene,
808 2049 838 2103 et
849 2041 1033 2105 sufficienter
1040 2042 1207 2124 expressis,
1218 2051 1249 2104 et
1260 2044 1305 2105 in·

159 2139 245 2199 sertis
258 2137 417 2212 habentes,
429 2136 487 2198 illis
501 2136 573 2198 alias
582 2136 613 2198 in
627 2155 683 2199 suo
696 2137 805 2199 robore
815 2138 1019 2218 permansuris
1033 2138 1071 2200 ad
1084 2138 1305 2220 promissorum

158 2234 299 2295 effectum
326 2232 506 2313 specialiter,
533 2238 564 2293 et
579 2249 716 2313 expresse
738 2232 935 2312 derogamus,
950 2233 1122 2315 mteristpe
1147 2236 1304 2298 contrariis

159 2333 410 2413 quibuscumque.

198 2439 254 2516 ep,
263 2431 410 2492 Volumus
422 2436 539 2508 autem,
552 2437 587 2494 ut
597 2429 789 2512 presentium
802 2430 969 2492 litterarum
981 2430 1190 2509 transumptis,
1207 2430 1301 2492 etiam

159 2514 324 2604 impressis,
336 2544 429 2588 manu
442 2524 689 2603 alicuiusNotarii
700 2525 812 2607 publici
823 2526 1016 2608 subscriptis,
1027 2526 1161 2607 etsigillo
1176 2527 1300 2607 alicujus

158 2636 293 2696 personae
307 2619 493 2701 indignitate
511 2620 715 2683 ecclesiastica
732 2621 901 2683 constituto
914 2621 1049 2699 munitis,
1062 2621 1167 2685 eadem
1180 2640 1304 2704 prorsus

159 2714 232 2776 tides
247 2717 277 2777 in
291 2717 404 2794 judicio
415 2762 423 2794 ,
435 2725 560 2781 etextra
574 2718 762 2796 adhibeatur,
778 2738 843 2801 que
854 2720 1050 2801 presentibus
1063 2719 1134 2801 ipsis
1148 2720 1307 2783 adhibere·
1365 2710 1368 2716 Δ

159 2817 219 2875 tur,
234 2812 258 2871 si
272 2812 371 2873 forent
383 2815 520 2877 exhibita
527 2859 536 2891 ,
547 2816 593 2877 rel
605 2823 743 2876 ostensae.

198 2928 310 2990 Datum
325 2931 426 2989 Romo
438 2930 521 3008 opud
529 2931 563 2991 S.
575 2931 705 2989 limum
718 2931 862 3006 llujorcm
873 2932 926 2991 tad
940 2932 1308 3007 analemmatorum

164 3037 194 3085 21
205 3027 282 3102 judit
296 3036 382 3101 177³,
390 3028 584 3105 pontificatus
597 3030 693 3085 nostri
704 3043 783 3086 anno
796 3030 912 3104 quinto.

919 3199 953 3257 Α.
971 3197 1063 3258 Cano.
1084 3196 1244 3259 Nrrnonus
