3194 5354
316 513 369 562 29⁰
746 509 948 563 t'tlzllffli'lls
968 510 1031 562 xlv

311 614 503 692 prolitenrur.
518 613 799 673 luculentissimum
815 634 906 693 porro
922 613 1014 674 Nobis
1031 613 1087 673 l'uit
1105 613 1311 675 testimonium
1325 623 1413 677 tuum
1430 619 1468 678 de

317 707 435 768 illorum
447 708 618 770 obedientia
632 709 803 788 apostolicis
818 709 853 769 iis
863 708 969 770 litteris
981 708 1124 789 praestita,
1143 709 1195 788 qui
1210 709 1284 770 socii
1299 711 1329 770 in
1344 710 1396 770 illo
1415 729 1466 770 or-

316 807 384 867 dine
405 815 501 884 erant‚
515 827 593 888 quos
613 826 684 870 cum
705 808 735 869 in
751 808 832 882 aula,
850 806 1087 886 muneribusque
1112 806 1239 867 retinere
1262 807 1466 879 constitueris,

316 903 439 965 minime
453 905 638 982 dubitamus,
656 905 729 986 quin
740 923 826 966 suam
838 905 880 966 illi
901 904 1019 967 vivendi
1034 904 1199 986 agendique
1211 905 1360 968 rationem
1374 905 1414 968 ad
1429 907 1467 968 il·
1528 912 1530 916 '

316 1001 373 1062 lius
394 1002 487 1063 nostri
508 1002 609 1064 Brevis
621 1021 761 1066 norurarn
783 1003 1006 1065 accuratissime
1027 1004 1160 1065 exacturi
1174 1004 1251 1081 sint,
1264 1007 1468 1088 nequequid-

315 1116 407 1176 quam
429 1099 606 1179 pmterituri
625 1118 730 1162 eorum
743 1100 896 1176 omnium,
914 1120 980 1181 quae
993 1101 1055 1163 Nos
1072 1099 1184 1163 ibidem
1203 1109 1324 1164 maturo
1341 1103 1467 1165 musilio

315 1199 481 1261 constituta
504 1200 724 1263 mandavimus.
739 1201 832 1262 Aliter
854 1200 935 1261 enim
958 1199 1094 1279 indiguos
1112 1202 1204 1281 plane
1222 1201 1389 1279 judicares,
1414 1204 1466 1282 qui

315 1305 368 1358 tua
382 1299 495 1377 gratim
508 1307 561 1361 tuo
579 1299 748 1381 patrocinio
767 1300 946 1361 fruerentur.
963 1300 1050 1374 Quod
1061 1318 1132 1362 vero
1150 1300 1247 1382 petis,
1265 1300 1467 1363 utconlessa-

316 1394 394 1455 rium
407 1402 505 1470 tuum,
527 1397 578 1477 qui
592 1417 629 1458 ex
643 1397 693 1458 illo
704 1395 809 1458 ordine
825 1395 897 1472 luit,
913 1396 944 1457 in
959 1396 1120 1459 vicariatus
1130 1395 1288 1476 apostolici
1301 1414 1353 1476 per
1367 1396 1468 1456 Saxo-

315 1490 372 1552 niae
384 1491 581 1555 electoratum
597 1511 722 1555 munere
736 1491 964 1562 confirmemus,
983 1511 1161 1572 persuasum
1180 1492 1235 1554 tibi
1254 1492 1389 1575 primum
1407 1492 1467 1554 hoc

315 1588 366 1663 sit,
381 1589 572 1651 vehementer
591 1590 743 1671 cupimus,
758 1589 922 1652 maximam
939 1606 1004 1651 esse
1021 1597 1130 1652 nostra
1149 1589 1188 1651 ad
1205 1589 1258 1652 tibi
1274 1589 1304 1651 in
1324 1589 1475 1651 omnibus·

314 1688 546 1766 gratificandum
557 1689 720 1752 voluntatis
732 1689 969 1766 inclinationem,
984 1689 1036 1750 sed
1046 1707 1116 1751 cum
1132 1688 1189 1750 iste
1202 1689 1361 1751 vicariatus
1371 1689 1466 1750 Nobis

315 1784 435 1863 ignotus
449 1787 551 1864 luerit,
566 1805 663 1868 neque
676 1787 843 1867 quidquam
852 1787 890 1848 de
900 1805 937 1850 eo
948 1787 988 1849 sit
998 1789 1146 1850 hactenus
1159 1807 1285 1868 usquam
1296 1796 1464 1869 repertum.

314 1881 372 1942 etsi
384 1882 513 1962 plurima
523 1883 657 1946 adhibita
667 1890 746 1945 esset
756 1884 786 1944 in
798 1883 957 1964 querendo
966 1874 1120 1963 diliqentia
1128 1884 1201 1947 iisiu
1214 1884 1298 1960 locis,
1308 1902 1343 1945 ex
1354 1881 1464 1962 quibus

315 1980 442 2042 solemni
456 1981 554 2042 lorma
575 1999 610 2043 ac
624 1981 739 2042 ratione
754 1998 896 2042 emanare
905 1980 1024 2056 debuit,
1038 1999 1146 2062 resque
1160 1981 1336 2062 hujusmodi
1347 1981 1466 2062 gratu

315 2075 382 2138 simi
395 2078 540 2140 momenti
555 2097 590 2139 ac
607 2077 747 2141 maximae
764 2077 992 2139 consultationis
1005 2078 1056 2155 sit,
1069 2097 1108 2140 ne
1121 2079 1195 2158 quid
1208 2079 1287 2142 lorle
1303 2079 1467 2142 inducatur

315 2173 395 2250 nori,
407 2182 604 2255 receptusque
616 2192 770 2236 sacrarum
782 2192 883 2236 rerum
897 2180 993 2237 status
1003 2181 1092 2256 atque
1103 2173 1178 2236 ordo
1189 2176 1392 2256 perturbetur,
1408 2194 1465 2256 pa-

315 2275 390 2348 tere,
401 2271 590 2335 dilectissime
600 2273 631 2334 in
640 2271 756 2334 Christo
766 2271 808 2333 lili
818 2279 931 2349 noster,
943 2279 977 2334 ut
985 2279 1133 2352 quantum
1142 2281 1313 2336 uecesseast
1325 2273 1414 2354 spat‘u
1427 2273 1464 2335 ad

315 2367 543 2433 deliberandum
554 2372 648 2434 Nobis
664 2389 835 2447 sumamus,
849 2390 885 2433 ac
901 2371 984 2452 quod
996 2371 1026 2432 in
1042 2371 1168 2432 Domino
1184 2371 1345 2448 ridebitur,
1358 2370 1466 2433 decer-

316 2466 459 2527 nendum.
478 2470 549 2530 liaec
561 2468 599 2530 ad
612 2476 642 2530 te
656 2485 726 2530 eum
740 2468 771 2529 in
784 2466 910 2531 modum
920 2467 1111 2530 rescribenda
1123 2468 1275 2546 duximus,
1287 2477 1321 2530 ut
1336 2488 1392 2551 par
1401 2477 1465 2532 erat

315 2581 333 2620 u
345 2562 436 2625 Nobis
446 2565 498 2644 qui
510 2573 562 2628 tua
573 2567 729 2647 sapientia,
747 2584 783 2627 ac
796 2566 906 2627 eximio
918 2565 948 2627 in
962 2566 993 2627 S.
1006 2566 1085 2626 banc
1101 2565 1209 2627 Sedem
1221 2565 1321 2628 studio
1333 2567 1466 2629 maxime

314 2658 381 2721 freti
399 2679 516 2737 sumus,
528 2663 639 2744 quique
657 2664 695 2724 de
708 2663 817 2724 virtute
836 2670 888 2723 tua
901 2680 1007 2742 parem
1018 2661 1165 2724 babemus
1186 2663 1329 2726 fiduciam
1340 2681 1466 2726 summae

315 2757 356 2818 illi
370 2766 503 2839 paternae
514 2761 737 2838 benevolentiae,
750 2760 780 2822 in
793 2761 879 2839 cuius
896 2760 1005 2842 pignus
1019 2760 1214 2840 apostolicam
1223 2759 1465 2825 benedictionem

315 2855 381 2933 tibi,
394 2856 625 2922 dilectissimam
636 2859 754 2921 Christo
763 2858 805 2920 lili
817 2865 932 2935 noster,
940 2865 1061 2939 tuaeque
1070 2858 1229 2921 Electorali
1241 2859 1352 2921 Domui
1363 2876 1466 2922 ameu-

314 2955 428 3018 tissime
441 2955 640 3039 impertimur.
657 2960 772 3019 Datum
781 2959 891 3027 Rome,
903 2963 972 3029 etc,
985 2957 1035 3018 dre
1045 2958 1228 3032 ”januarii
1242 2969 1328 3032 titt,
1342 2960 1466 3037 pontifr

314 3063 398 3117 rotro
407 3062 502 3122 nostri
516 3077 596 3121 cneo
612 3063 726 3121 euicto.
768 3051 770 3055 ’

799 3170 983 3181 —-...--

829 3275 946 3346 CCLV.

657 3435 787 3476 ornacro
810 3433 897 3476 rrnro
920 3432 1027 3474 ιιοιιιιι
1050 3429 1124 3471 vinu

443 3539 638 3600 LUDOlICO
659 3540 832 3600 EUGENIO
854 3538 947 3600 DUCl
968 3534 1333 3599 WURTEMBEBGENSl

593 3660 855 3740 CLEMENS
891 3662 1024 3737 PAPA
1060 3659 1176 3735 XIV.

1045 3812 1142 3869 noma,
1155 3815 1185 3857 ιο
1199 3806 1298 3869 januarii
1312 3808 1381 3856 llil.

354 3907 491 3977 Dilecto,
506 3917 563 3972 etc.
586 3909 749 3972 Plurimum
764 3909 952 3989 voluptatem
972 3927 1009 3971 ea
1023 3908 1084 3971 tuis
1104 3906 1210 3970 litteris
1224 3903 1378 3987 cepimus,
1393 3905 1465 3986 qui-

313 4006 370 4067 bus
381 4012 519 4068 nostrum
534 4005 571 4067 de
589 4015 641 4068 tua
652 4008 760 4069 virtute
776 4004 971 4087 iampridem
983 4000 1326 4087 prmceptumJudicium
1338 4001 1463 4064 mirifice

313 4104 508 4166 confirmasti.
532 4105 733 4166 Intelleximus
756 4104 835 4164 enim
857 4109 887 4164 te
906 4103 1040 4165 maximo
1058 4101 1209 4183 religionis
1230 4099 1330 4162 studio
1348 4100 1464 4177 teneri,

312 4203 451 4264 Ecclesiae
461 4203 550 4265 rebus
557 4205 703 4281 majorem
714 4203 744 4263 in
756 4200 881 4262 modum
893 4200 982 4280 allici,
991 4200 1126 4280 eiusdem
1138 4198 1271 4262 adversis
1280 4196 1361 4278 augi,
1371 4197 1465 4259 laturi

313 4304 453 4365 secundia
470 4324 505 4366 ae
519 4305 591 4366 nibil
612 4305 707 4383 magis
719 4320 846 4383 cupere,
864 4321 956 4382 quam
971 4321 1010 4363 nc
1025 4300 1098 4382 quid
1111 4298 1197 4361 saluti
1213 4297 1386 4358 animarum
1406 4294 1464 4356 ob-

312 4401 413 4473 sistat,
429 4421 524 4482 neque
535 4404 640 4465 divinar
652 4403 752 4483 glor-ic
766 4401 924 4463 bominum
936 4402 1111 4462 adversetur
1125 4398 1315 4480 perversitas.
1328 4397 1407 4459 Cum
1423 4396 1465 4458 itu

313 4497 415 4590 auimo
436 4508 629 4578 comparatus
642 4501 697 4577 sis,
719 4499 834 4560 nullum
855 4517 918 4560 esse
931 4497 1057 4560 dubium
1075 4496 1166 4559 Nobis
1181 4501 1296 4576 potest,
1311 4494 1387 4576 quin
1405 4493 1464 4555 tuis
