3194 5354
338 506 388 557 tte
460 538 465 547 ·
634 540 638 547 .
761 497 965 553 cblzttbtt'sls
984 497 1048 557 XIV

335 604 492 668 Electorali
518 604 624 666 Donrrd
647 604 752 665 iuliano
772 602 889 682 paterni
910 601 1008 664 cordis
1029 617 1116 662 sensu
1142 600 1339 680 impertimur.
1366 602 1481 666 Datum

334 703 453 776 Romo,
472 706 540 778 ete,
558 702 606 761 dia
623 711 657 765 19
664 703 805 776 junuarii
823 709 909 774 1771,
922 700 1114 777 pontificatus
1128 701 1224 757 nostri
1238 714 1319 764 anae
1338 699 1480 765 sumendo.

830 927 974 995 CXXIV.

452 1141 456 1147 ι
589 1082 754 1125 canrssruo
776 1082 810 1123 rn
833 1081 968 1123 camare
991 1083 1077 1126 rrare
1100 1081 1218 1124 nesrac

438 1187 652 1251 STANISLAO
673 1186 854 1247 AUGUSTO
874 1186 1052 1247 POLONIAE
1072 1186 1165 1247 nuel
1186 1185 1362 1252 ILLUSTlil

638 1309 871 1387 CLEMENS
899 1312 1025 1387 ΡΑΡΑ
1054 1310 1160 1387 XIV.

1071 1464 1169 1520 Roma,
1183 1467 1211 1510 17
1226 1460 1328 1522 januar
1342 1466 1410 1513 1771.

374 1576 547 1643 carissime,
562 1579 618 1633 etc.
633 1573 730 1646 Quam
749 1570 908 1632 declaravit
930 1570 1021 1650 Regia
1037 1570 1176 1649 Maiestas
1197 1572 1262 1631 Tua
1283 1571 1314 1632 in
1333 1572 1394 1633 Nos
1408 1572 1477 1652 pie-.

331 1678 424 1733 tatem
444 1669 666 1732 humanissimis
690 1668 808 1744 litteris,
829 1668 938 1749 quibus
957 1666 1160 1730 natalitiorum
1183 1667 1328 1732 testomm
1345 1668 1475 1749 novique

332 1772 401 1833 anni
418 1770 639 1852 opportunitate
653 1769 750 1832 fausta
767 1770 859 1832 Nobis
875 1789 910 1831 ac
927 1768 1058 1831 secunda
1070 1767 1172 1830 omnia
1191 1757 1309 1851 precari,¹
1324 1773 1353 1829 et
1364 1787 1474 1831 vovere

330 1887 362 1930 se
382 1867 497 1944 scribit,
519 1866 655 1929 eamdem
671 1885 707 1929 ex
728 1867 808 1929 filiali
822 1865 986 1948 proiectam
1002 1867 1120 1943 auimo,
1140 1865 1285 1947 unusque
1300 1864 1474 1944 hujusmodi

330 1965 445 2028 indiciis
459 1965 667 2027 confirmatam
685 1965 728 2026 ita
739 1965 927 2046 excepimus,
950 1973 983 2031 ut
997 1965 1143 2044 majorem
1164 1964 1195 2025 in
1210 1962 1335 2026 modum
1346 1969 1474 2045 paterna
1577 2022 1582 2035 ,

329 2069 431 2126 nostra
449 2069 566 2143 ergata
588 2062 709 2124 excitari
730 2062 889 2143 augerique
908 2062 1069 2126 Pontificio
1084 2061 1215 2124 canatis
1229 2060 1328 2124 studia
1345 2060 1474 2123 sentire-

328 2180 407 2223 mus.
422 2160 498 2223 lllud
509 2160 609 2240 itaque
619 2159 878 2239 persuasissimum
889 2160 942 2221 tibi
958 2178 993 2222 ac
1007 2159 1206 2221 certissimum
1222 2177 1287 2221 esse
1302 2158 1391 2223 debet
1403 2166 1474 2227 vota

328 2258 365 2319 de
379 2258 470 2319 Nebis
490 2264 542 2319 tua
560 2256 590 2316 in
603 2255 731 2336 teipsum
746 2263 889 2337 tuumque
908 2273 1034 2335 regnum
1046 2273 1111 2321 esse
1126 2256 1314 2336 potissimum
1326 2254 1473 2318 redundo

329 2361 396 2414 tura
403 2379 412 2430 ;
428 2354 591 2415 maximam
605 2352 684 2413 enim
700 2351 847 2415 felicitatis
861 2371 923 2415 asse
934 2359 1041 2415 nostra
1054 2359 1171 2434 partem
1186 2352 1438 2433 existimabimus,
1449 2354 1471 2415 si

329 2456 398 2530 post
413 2456 458 2510 tot
475 2455 633 2528 tantasque
644 2449 881 2529 perturbationes
899 2449 1045 2513 redditam
1057 2449 1110 2511 tibi
1134 2449 1251 2530 tuisque
1261 2449 1381 2531 populis
1392 2456 1472 2513 tran·

328 2549 504 2627 quillitatem
526 2555 556 2609 et
567 2566 689 2627 pacem,
709 2547 881 2628 optimeque
900 2548 1081 2629 compositas
1100 2547 1249 2628 religionis
1269 2566 1330 2609 una
1345 2555 1376 2610 et
1390 2549 1471 2629 regni

328 2645 459 2706 rationes
474 2645 636 2705 videamus.
651 2643 684 2704 ld
695 2645 755 2704 Nos
768 2643 893 2705 assiduis
908 2664 925 2704 a
940 2648 1000 2706 Deo
1012 2645 1132 2726 Optimo
1144 2645 1275 2706 Maximo
1287 2643 1472 2706 obsecratio-

328 2741 415 2802 nibus
427 2740 572 2821 petimus,
587 2757 713 2820 eamque
723 2740 887 2816 Majestatis
896 2742 966 2802 'l'uae
980 2740 1094 2802 nomini
1105 2759 1142 2802 ex
1153 2740 1253 2801 diuino
1266 2740 1413 2802 beneficio
1423 2758 1471 2801 ae·

327 2837 434 2898 (uslere
453 2836 578 2916 gloriam
600 2835 752 2916 cupimus,
775 2842 808 2896 ut
825 2835 902 2901 illius
924 2836 1097 2918 benignitati
1117 2837 1177 2897 Nos
1195 2835 1343 2916 precipue
1361 2834 1472 2915 gratim

328 2953 415 3014 agere
433 2933 603 2995 debeamus.
618 2932 702 2993 Acin
715 2932 840 2994 coelestis
853 2933 976 3014 presidii
994 2933 1175 3013 auspicium,
1187 2938 1352 3013 nostraque
1364 2932 1472 2993 volun-

329 3035 397 3095 tatis
411 3034 516 3115 pignus
532 3032 727 3114 apostolicam
741 3031 979 3093 benedictionem
991 3031 1061 3108 tibi,
1078 3031 1229 3092 carissime
1244 3029 1274 3091 in
1298 3028 1415 3090 Christo
1431 3028 1471 3097 fili

327 3139 438 3203 noster,
453 3131 650 3210 universoque
666 3129 795 3191 Polonie
810 3131 911 3210 Regno
927 3130 1130 3192 amantissime
1143 3130 1340 3210 impertimur.
1358 3130 1471 3189 Datum

329 3231 445 3297 Rornoe,
461 3234 529 3302 etc,
545 3230 594 3289 die
608 3240 644 3288 23
652 3232 793 3303 junuarii
808 3240 893 3301 1771,
905 3231 1096 3306 pontificatus
1110 3232 1204 3289 nostri
1217 3246 1296 3291 anan
1312 3225 1454 3286 arunde.

830 3455 959 3523 CXXV.

768 3610 908 3652 narreris
931 3609 1025 3653 attus

422 3716 679 3781 l'ExltttFauo
700 3715 747 3775 ET
767 3715 973 3776 PRIORIBUS
994 3715 1187 3776 ClVlTATlS
1207 3715 1371 3776 NOSTRAE

699 3840 808 3887 sanan
826 3841 939 3888 aucam
958 3840 990 3887 ru
1008 3840 1093 3886 mue

633 3941 865 4021 CLEMENS
894 3945 1022 4020 ΡΑΡΑ
1051 3944 1157 4020 XIV.

1063 4099 1154 4151 numa.
1171 4103 1199 4144 aa
1213 4094 1315 4157 ianuaril
1332 4097 1403 4142 1771.

367 4202 495 4275 Dilecti,
519 4207 576 4259 etc.
593 4201 653 4261 Etsi
669 4208 841 4281 pergratum
858 4202 949 4262 Nobis
964 4208 1007 4262 est
1027 4188 1082 4282 pro
1095 4220 1141 4276 ea,
1157 4220 1217 4281 qua
1231 4201 1260 4262 in
1280 4217 1332 4260 ves
1349 4215 1470 4278 sumus,

325 4295 435 4374 pietate
449 4298 547 4359 studia
559 4317 629 4378 erga
640 4301 700 4360 Nos
712 4294 810 4359 restra
823 4300 907 4361 novis
918 4299 1122 4376 observantia,
1139 4298 1259 4375 amoris,
1277 4294 1409 4376 fideique
1420 4297 1471 4359 in-

325 4391 409 4452 diciis
427 4397 578 4458 testatiora
590 4397 682 4458 Nobis
694 4396 723 4456 iu
735 4396 797 4458 dies
812 4398 874 4458 fieri
879 4444 887 4475 ,
899 4416 1036 4458 uerernur
1047 4404 1163 4473 tamen,
1176 4395 1274 4458 dilecti
1286 4393 1351 4472 tilii,
1365 4411 1405 4456 uc
1416 4413 1471 4456 vos

325 4489 360 4550 iis
375 4491 466 4551 Nubis
482 4493 654 4572 triturandis,
666 4493 774 4573 qtrilins
784 4495 844 4555 Nos
859 4493 980 4555 minime
996 4494 1073 4567 allici
1090 4493 1248 4571 dobenina,
1263 4491 1351 4555 nimis
1364 4491 1472 4562 intenti
