3194 5354
488 464 671 521 missuum
688 467 735 527 ΕΤ
753 467 889 529 Buuvtu
907 467 1142 531 sanctione.
1340 479 1389 528 rer

240 566 304 628 suis
316 562 423 629 litteris
435 568 609 648 apostolicis
621 570 710 633 tertio
722 570 843 632 kalend.
856 572 957 634 martii
970 573 1105 652 ejusdem
1125 575 1193 636 enni
1210 576 1390 639 confirmato

238 663 396 742 volumus,
408 683 445 728 uo
457 663 590 727 districte
603 664 802 746 precipiendo
811 665 994 735 mundemus
1005 684 1043 728 ne
1055 667 1187 748 Dignites
1198 676 1250 732 eut
1261 672 1391 735 cunoni-

240 778 295 822 cus
312 761 467 824 celebrans
486 769 648 842 prosmnot
668 762 730 824 ullo
741 749 834 825 modo
845 763 892 825 vel
909 762 1132 844 pontificalibus
1151 764 1334 830 indumentis
1350 768 1389 831 od

239 858 333 922 ultore
348 860 454 953 notin
477 859 571 923 oboro
592 858 695 937 indui,
716 860 764 922 vel
780 861 928 942 populum
944 861 1024 924 trinu
1041 862 1250 928 benedictione
1265 866 1389 930 benedi·

153 1032 158 1041 .
237 973 324 1034 cere,
340 956 469 1020 relerm
480 956 612 1021 iormuio
623 957 786 1041 episeopnli
800 982 808 1021 ι
821 960 882 1022 Pax
897 959 984 1026 robis
1005 983 1013 1021 :
1034 960 1230 1032 uiuerent
1243 966 1388 1043 moreti

236 1051 344 1114 noculo
365 1052 428 1132 uti;
449 1056 550 1119 nuilus
569 1075 641 1119 vero
662 1056 901 1129 uvcurooiou
912 1057 974 1126 siue
1000 1056 1129 1138 dignitas
1148 1058 1179 1120 io
1197 1061 1388 1140 processione

236 1149 376 1234 Corporis
387 1152 496 1216 Christi
509 1154 633 1217 mitram
650 1155 681 1217 in
694 1155 794 1236 cupite
813 1160 950 1235 gesture,
963 1161 1016 1218 eut
1031 1155 1122 1218 mitro
1135 1154 1167 1217 in
1186 1155 1252 1218 eliis
1262 1165 1388 1238 preter-

235 1263 329 1327 qunm
345 1247 377 1312 in
400 1250 581 1332 supradictis
602 1251 807 1332 oodegioiibus
831 1251 1037 1316 functionibus
1054 1253 1098 1315 uti
1118 1270 1256 1335 unquam
1276 1257 1385 1322 vdent.

236 1347 361 1428 insuper
384 1349 473 1419 uobis
492 1349 617 1431 curun
640 1357 839 1433 secutumque
872 1349 1120 1431 successoribus,
1143 1358 1178 1414 nt
1204 1352 1235 1419 in
1255 1354 1386 1442 propriis

233 1443 325 1512 usmis
341 1451 373 1513 et
387 1445 522 1528 insigniis
543 1446 666 1514 runnu
678 1446 742 1511 sine
753 1446 834 1531 pileo
851 1445 963 1531 opponi
976 1445 1076 1515 iuuere
1095 1454 1127 1518 et
1141 1447 1250 1513 rddere
1263 1450 1384 1532 possitis

233 1541 386 1612 mutiam
398 1544 598 1626 inponimus
613 1546 680 1610 Non
700 1543 891 1611 obstantibus
904 1542 1060 1625 quibusvis
1073 1544 1338 1613 constitutionibus
1347 1555 1380 1611 et

231 1637 471 1711 manebus
484 1642 668 1724 apostolicis,
684 1641 848 1729 ederimus
861 1641 1277 1727 ooouuiuquburcuuqoe.
1291 1647 1337 1711 Ac
1354 1647 1384 1711 in

231 1737 353 1806 cuein·
365 1746 499 1821 poem
512 1740 729 1809 uemvoteotiae
743 1745 955 1822 argumentum
971 1741 1069 1821 vobis,
1082 1740 1183 1811 dilecti
1208 1741 1283 1822 dlii,
1298 1763 1385 1828 epos-

230 1837 353 1903 idiem
366 1838 608 1908 benedietiuuem
618 1845 811 1921 peramanter
821 1837 1021 1922 impertimur.
1033 1840 1159 1912 nucu,
1170 1843 1205 1903 in
1213 1840 1293 1907 Arce
1304 1842 1383 1907 Gue-

229 1934 339 2015 sopor
352 1936 528 2004 ultumum
541 1937 695 2008 murus,
711 1937 762 2003 ue
783 1946 817 1998 te
838 1935 965 2002 ouobru
981 1947 1069 2009 titt,
1078 1940 1271 2020 miurus
1285 1946 1383 2007 noun

228 2048 309 2097 enm
321 2037 421 2099 tertio.

716 2139 898 2158 nvn—-

735 2276 876 2348 CLXIV.

496 2485 498 2488 ,
565 2441 700 2492 unumne
722 2442 804 2490 ruso
827 2441 941 2491 nomm
966 2442 1043 2485 rino

447 2555 608 2617 tunitii!
636 2556 837 2617 belselel
865 2557 1153 2618 Lemnunmno

537 2688 774 2775 CLEMENS
800 2675 932 2776 ΡΑΡΑ
958 2689 1065 2771 xm.

932 2861 1031 2919 nom,
1044 2862 1061 2907 s
1074 2856 1212 2910 moenere
1228 2861 1296 2908 itti.

269 2971 405 3042 Dilecte,
425 2977 483 3030 etc.
506 2971 544 3030 Et
557 2969 693 3038 dotorem
714 2977 820 3050 tuum,
844 2977 876 3032 et
889 2970 1026 3049 ejusdem
1048 2987 1188 3046 oensem,
1205 2987 1299 3049 quern
1315 2970 1376 3032 tuis

227 3063 316 3133 uubis
328 3063 435 3133 litteris
448 3064 610 3149 significes,
622 3067 803 3147 permoleste
817 3064 953 3144 tulimus,
969 3083 1005 3127 oc
1022 3065 1052 3125 in
1066 3070 1153 3125 tento
1166 3069 1219 3125 tuo
1233 3065 1332 3141 hieto,
1344 3073 1376 3127 et

226 3159 334 3245 optimi
347 3160 481 3247 parentis
494 3160 643 3230 desiderio
656 3162 792 3234 animum
801 3162 891 3251 plene
905 3180 977 3251 crgo
987 3167 1018 3224 te
1030 3168 1175 3242 tuumque
1187 3159 1313 3222 domurn
1326 3181 1373 3224 se.

226 3277 321 3331 mem.
334 3257 488 3331 Benedicti
502 3260 806 3345 XWpraedecessoris
820 3259 913 3330 nostri
925 3259 1026 3341 magni
1036 3258 1080 3321 tui
1093 3257 1194 3341 petrni
1208 3257 1374 3336 induimus,

227 3358 432 3440 similemque,
444 3377 506 3439 quo
518 3358 568 3427 iile
580 3358 706 3421 effectus
715 3358 819 3421 inisset
832 3375 914 3421 nuno
920 3375 1009 3427 sensu
1018 3357 1199 3439 experimur.
1215 3359 1294 3419 Dum
1313 3356 1375 3418 itn-

224 3474 283 3541 que
297 3454 550 3527 commendamus
561 3456 696 3520 defuncti
710 3455 844 3520 nmmum
857 3454 975 3517 Christo
986 3452 1126 3531 Domino,
1138 3469 1200 3515 una
1213 3451 1373 3514 vehemen-

221 3561 300 3621 tera
320 3561 350 3623 te
369 3554 525 3636 cupimus,
545 3553 653 3617 dilecte
677 3552 719 3615 iili
735 3551 846 3620 nobilis
867 3551 923 3629 vir,
939 3557 974 3613 ut
996 3548 1131 3613 dolorem
1154 3554 1242 3609 tunrn
1261 3546 1370 3611 divine

221 3651 400 3732 voluntatis,
413 3651 462 3722 cui
477 3671 601 3738 prorsus
615 3650 742 3732 subjecti
752 3669 817 3714 esse
833 3649 996 3727 debemus,
1009 3665 1046 3709 oc
1060 3663 1131 3726 ergo
1141 3644 1225 3707 iilum
1248 3642 1370 3705 miseri-

225 3746 335 3816 cordie
349 3747 531 3828 oegitetione
544 3746 649 3816 lessius.
676 3747 709 3815 Id
726 3765 799 3815 vero
811 3744 962 3834 precipue
985 3742 1040 3805 tibi
1058 3740 1221 3824 persuade,
1234 3739 1368 3807 odicium

222 3843 373 3928 dumosi
386 3853 473 3915 tuum
493 3845 537 3908 ite
551 3864 617 3909 esse
631 3845 754 3910 oNobis
766 3850 943 3928 exceptum,
959 3847 994 3903 ut
1002 3846 1161 3922 paternam
1176 3837 1231 3900 tibi
1241 3837 1371 3901 benevo-

225 3941 349 4013 tentiuu
359 3961 440 4017 nuno
450 3943 583 4013 maxime
593 3942 776 4011 deteramus.
790 3942 835 4005 Ac
846 3940 878 4004 in
888 3939 1012 4003 uberius
1020 3935 1155 4018 ejusdem
1165 3935 1274 4018 pignus
1284 3953 1371 4015 epos·

222 4037 346 4107 colicam
355 4039 597 4107 benedictionem
608 4039 764 4111 Nobilitnti
773 4046 832 4103 tue
843 4043 1036 4123 peramanter
1047 4034 1244 4118 impertimur.
1258 4035 1368 4097 Duum

220 4134 432 4213 Renru,die9
449 4137 618 4201 novembris
635 4149 723 4214 1771,
741 4137 937 4216 pontificatur
947 4138 1042 4196 nostri
1053 4149 1133 4194 oneo
1147 4135 1242 4192 tercio.

703 4313 879 4325 wu-
