3194 5354
238 500 273 546 111
663 490 866 548 ubsalensis
884 492 950 545 xlv

236 599 357 672 obstat,
372 595 453 675 quod
460 596 641 660 declaratam
654 616 672 657 a
683 603 712 657 10
723 596 845 659 minume
860 594 1014 657 videamus
1024 612 1104 673 eam,
1115 614 1182 677 qua
1196 599 1334 664 maxima
1344 620 1383 664 ac

232 690 406 772 gravissima
415 691 582 769 essedebet,
592 710 726 768 causam,
739 699 773 753 ut
782 697 867 754 tanto
879 691 1034 753 intervallo
1043 692 1184 755 recedere
1192 695 1381 777 Nospossea

231 786 426 850 severissimis
440 805 593 850 sacrorum
602 802 759 864 geanonum
771 787 886 867 legibus
903 787 934 848 in
949 788 1084 849 animum
1102 787 1295 853 inducamus.
1307 795 1379 869 Qure

229 884 352 965 quidem
371 884 550 947 tuendarum
566 884 668 964 legum
690 884 767 947 ratio
781 885 878 964 coegit
896 884 957 946 Nos
975 901 1084 966 nuper,
1106 892 1140 947 ut
1159 886 1261 950 alteris
1282 890 1377 953 etiam

229 981 427 1060 Eliglbilitatis
445 982 496 1061 jus
512 981 632 1043 aNobis
644 980 847 1061 flagitantibus
861 998 978 1043 morem
997 999 1102 1060 gerere
1116 1000 1179 1045 non
1197 1003 1372 1064 possemus.

229 1079 262 1139 ld
282 1080 343 1140 Nos
354 1079 475 1158 quidem
503 1085 556 1140 tua
576 1097 668 1140 causa
691 1078 869 1159 permoleste
883 1077 1025 1157 terimus,
1048 1085 1193 1160 mutoque
1215 1083 1372 1147 molestius

227 1181 341 1256 quanto
355 1175 491 1256 cupidius
502 1182 533 1237 et
542 1174 690 1237 desiderio
704 1182 768 1251 tuo,
781 1182 811 1235 et
830 1180 935 1236 nostro
955 1173 992 1235 de
1013 1175 1150 1256 augenda
1164 1183 1217 1239 tua
1227 1177 1373 1259 dignitate

226 1273 327 1336 studio
336 1273 591 1336 satisfecissemus.
602 1275 699 1348 Quam
710 1273 831 1354 quidem
841 1274 1027 1336 voluntatem
1041 1280 1176 1338 nostram
1185 1278 1371 1341 testatiorem

225 1371 280 1431 tibi
296 1360 409 1448 tacere,
422 1389 492 1433 cum
502 1389 550 1434 res
563 1371 682 1448 tulerit,
695 1388 813 1451 semper
823 1370 1004 1451 paratissimi
1018 1389 1134 1451 sumus,
1146 1391 1182 1436 ac
1191 1374 1222 1435 in
1232 1375 1370 1453 ejusdem

225 1485 307 1528 nurnc
316 1467 423 1549 pignus
435 1468 630 1549 apostolicam
646 1468 884 1531 benedictionem
898 1470 1089 1533 Fratemitati
1102 1478 1160 1535 tun
1177 1481 1369 1555 peramanter

225 1562 423 1643 impertimur.
440 1567 551 1627 Dotem
561 1567 672 1641 Rornoe,
686 1571 759 1641 010,
771 1566 822 1626 dic
834 1576 870 1627 10
883 1569 958 1626 moti
972 1577 1045 1629 1110
1058 1612 1066 1645 ,
1074 1572 1266 1648 pontificatus
1274 1575 1369 1633 nostri

224 1678 304 1723 orno
315 1662 449 1724 secundo.

675 1982 808 2025 utuscro
831 1983 915 2025 rino

374 2078 535 2139 JOANNI
562 2078 886 2140 CHRYSOSTOMO
913 2080 1215 2153 uuonbnuulo,

448 2191 607 2241 canonico
623 2192 781 2242 nuuumnr
796 2194 907 2243 sinon
923 2195 1132 2256 summanus,

499 2288 759 2367 CLEMENS
795 2292 929 2368 ΡΑΡΑ
966 2290 1080 2368 XIV.

995 2435 1094 2495 lton,
1107 2438 1137 2482 10
1150 2430 1208 2493 mill
1228 2436 1299 2484 1770.

262 2536 381 2595 Dilecto
393 2579 402 2610 ‚
416 2542 472 2596 010.
487 2533 733 2597 Dissertationum
747 2543 867 2598 tuarum
881 2537 1086 2617 liturgicarum
1099 2536 1267 2600 secundina
1279 2538 1371 2601 uolu-'

222 2651 292 2694 men
307 2632 486 2714 perlibenter
500 2633 670 2714 accepimus
692 2639 835 2713 tanquam
846 2651 958 2697 novum
975 2652 1011 2696 ac
1023 2634 1137 2695 illustre
1150 2640 1208 2695 ture
1224 2652 1286 2697 non
1303 2635 1365 2696 mi-

222 2749 280 2793 nus
293 2730 452 2805 docrinas,
475 2748 568 2811 quam
580 2730 844 2793 observantissime
858 2732 888 2793 in
899 2735 960 2794 Nos
972 2731 1134 2795 voluntatis
1145 2731 1361 2795 testimonium.

221 2829 307 2906 Quod
317 2836 477 2910 utrumque
493 2835 552 2891 ate
563 2829 655 2891 Nobis
666 2829 775 2891 eumin
786 2829 910 2892 modum
921 2829 1159 2892 confirmarituit
1169 2829 1364 2908 sanejucun-

220 2928 388 2991 dissimum.
406 2929 468 2990 Nos
484 2926 588 2989 itidem
602 2926 816 2989 confirmamus
837 2927 949 2989 idcirco
961 2926 1015 2988 tibi
1036 2933 1067 2988 et
1084 2925 1248 3006 plurimam
1260 2925 1343 2987 illam
1352 2970 1362 3005 ,

219 3042 280 3104 qua
293 3033 323 3086 10
333 3042 450 3105 semper
475 3022 648 3105 presequuti
662 3040 778 3100 sumus,
792 3022 1054 3099 existimationem,
1067 3030 1099 3083 01
1109 3028 1269 3102 paternam
1281 3067 1291 3100 ‚
1301 3041 1363 3103 qua

220 3127 250 3181 te
260 3120 448 3201 singulariter
458 3119 705 3202 complectimur,
719 3119 888 3197 caritatem,
903 3127 933 3182 et
948 3118 1090 3198 gratiam,
1106 3136 1237 3199 eumque
1247 3136 1320 3199 erga
1329 3126 1362 3181 te

219 3217 396 3296 profitemur
411 3218 544 3278 animum
560 3223 714 3293 nostrum,
734 3223 768 3278 ut
783 3235 839 3298 pro
860 3217 1104 3298 opportunitate,
1123 3223 1154 3279 et
1173 3215 1363 3297 egregiorum

219 3313 358 3375 laborum
379 3314 614 3392 meritorumque
641 3320 783 3390 tuorum,
806 3314 958 3375 0110010
982 3315 1043 3375 Nos
1062 3313 1181 3394 pietatis
1197 3312 1363 3375 maximam

220 3411 367 3473 rationem
387 3410 481 3472 simus
490 3428 607 3490 semper
618 3409 759 3472 babituri.
776 3410 898 3473 Interim
910 3411 1105 3492 apostolicam
1116 3409 1362 3473 benedictionem

219 3507 288 3586 tibi,
305 3507 412 3570 dilecte
426 3507 485 3584 tili,
509 3513 625 3587 tueque
645 3508 787 3587 religiose
806 3507 924 3569 familie
940 3514 1133 3588 peramanter
1155 3506 1360 3588 impertimur.

218 3609 332 3669 Datum
354 3609 471 3679 Rome,
495 3615 565 3683 etc,
597 3607 708 3668 (11010
741 3612 815 3668 maii
837 3615 926 3685 1170,
944 3612 1139 3687 pontificatus
1156 3612 1251 3671 nostri
1279 3626 1362 3671 01100

217 3706 354 3766 secundo.

692 3790 870 3801 ——ae—-u—

719 3876 847 3944 LXXX.

623 4032 812 4074 veneramur
835 4034 948 4074 rnarur

256 4126 398 4188 JOANNl
419 4126 614 4189 BAPTISTAE
633 4132 807 4191 ANTONIO
824 4131 1128 4193 ARCHIEPISCOPO
1148 4123 1320 4201 AQUENSI

528 4243 760 4322 CLEMENS
789 4248 915 4322 ΡΑΡΑ
943 4245 1049 4322 xiv,

999 4390 1098 4445 Reme,
1113 4392 1143 4434 10
1155 4381 1213 4444 meli
1226 4384 1299 4432 1770.

263 4489 456 4561 Venerabilis,
469 4499 524 4553 etr.
549 4493 728 4573 Accepimus
749 4491 862 4553 litteras
884 4490 1090 4555 Fraternitatis
1108 4496 1178 4566 tue,
1199 4485 1365 4569 exquibus
1404 4580 1414 4605 ·
