3194 5354
382 479 566 536 EPlSTOLAE
584 472 630 533 ET
647 474 781 534 nuelli
798 478 1032 537 suuncrtoua.
1230 491 1283 543 200

133 585 227 648 Nobis
248 582 378 645 reddidit
399 582 527 644 dilectus
541 580 620 645 tilius
639 589 741 645 noster
762 571 941 647 Franciscr'rs
962 583 1137 650 Joachimus
1151 590 1181 650 S.
1196 591 1232 652 lt.
1246 594 1281 652 E.

133 683 293 764 Presbyter
305 679 468 743 Cudinulis
478 680 517 743 de
528 680 643 742 Bernis.
655 679 702 741 Ab
712 679 763 742 illo
774 681 961 744 luculentum
972 701 1043 745 sane
1056 681 1183 748 habebis
1194 689 1281 751 testi-

132 779 282 856 monium,
303 796 364 859 quo
382 777 413 839 id
424 777 630 859 exceperimus
647 776 760 855 animo,
772 796 894 859 quoque
913 778 1023 859 gaudio
1040 774 1185 845 fuerimus
1198 785 1281 863 elati,

131 875 327 939 dilectissima
341 875 372 936 in
389 874 506 936 Christo
526 873 588 936 tilia
605 880 725 952 nostra,
740 891 811 937 cum
830 880 860 936 te
880 874 996 956 ipsam,
1017 877 1104 956 cujus
1123 887 1284 958 presentes

119 991 252 1055 semper
262 972 441 1051 gerebamus
455 971 621 1054 infixusque
632 978 735 1034 mente
753 972 1007 1037 cumulatissimas
1018 974 1101 1037 omui
1112 974 1203 1038 laude
1217 976 1280 1038 vir-

131 1079 230 1151 tutes,
247 1071 473 1154 quodammodo
491 1089 596 1134 coram
610 1071 806 1148 intueremur,
822 1089 858 1133 ac
875 1070 972 1133 oculis
992 1071 1210 1151 subjiceremus
1229 1092 1282 1135 ex-

130 1188 249 1252 pressos
271 1169 333 1233 suis
352 1169 502 1232 coloribus
526 1170 625 1231 vultus
644 1184 748 1230 veram
766 1166 902 1249 pietatis,
923 1168 1093 1249 religionis,
1114 1170 1282 1233 sanctitutis

129 1266 260 1330 formam
274 1266 448 1330 relerentes.
464 1264 528 1328 Etsi
550 1264 695 1342 eundem,
714 1264 973 1346 quemadmodum
987 1266 1029 1329 illi
1047 1285 1169 1329 smnmo
1181 1267 1282 1331 studio

129 1366 353 1442 mandavimus,
367 1366 458 1429 etiam
471 1371 590 1428 nostras
603 1364 635 1425 in
657 1362 811 1426 reddenda
826 1364 924 1444 gratia
938 1369 1040 1444 partes
1055 1363 1212 1444 diligenter
1227 1383 1282 1427 uc-

129 1472 233 1527 turum
251 1482 312 1527 non
332 1463 521 1542 dubitemus,
543 1461 645 1524 deesse
661 1467 763 1523 tumen
776 1455 870 1522 Nobis
884 1459 939 1541 ipsi
954 1478 1015 1522 non
1029 1474 1190 1540 possumus
1207 1460 1282 1542 quin
1403 1534 1407 1540 .

128 1559 314 1641 gratissimos
329 1561 383 1624 tibi
396 1561 490 1623 nostri
506 1559 598 1623 animi
613 1575 719 1622 sensus
731 1556 780 1620 bis
796 1557 889 1620 literis
906 1556 960 1620 tibi
974 1556 1179 1636 declaremus,
1195 1566 1230 1621 ut
1244 1577 1281 1623 ex

128 1656 188 1721 hoc
200 1658 265 1741 ipso
280 1657 394 1738 officio,
406 1667 522 1741 quanto
535 1657 617 1740 apud
632 1663 771 1721 nostrum
790 1656 849 1718 hoo
867 1674 979 1718 munus
999 1655 1029 1717 in
1044 1656 1203 1738 prasentia
1225 1658 1279 1738 sit,

129 1751 286 1835 intelligas.
298 1754 374 1817 lllud
383 1754 485 1836 itaque
495 1754 549 1816 tibi
562 1758 694 1817 maxime
709 1770 889 1836 persuasum
903 1769 967 1814 esse
980 1751 1131 1833 cupimus,
1144 1751 1281 1818 dilectis-

129 1849 206 1914 sima
224 1852 255 1915 in
274 1851 389 1915 Christo
402 1852 465 1915 lilia
477 1857 600 1930 nostru,
614 1850 645 1913 id
659 1869 726 1914 esse
748 1865 925 1932 semperque
939 1848 1074 1912 futurum
1094 1851 1188 1913 Nobis
1202 1870 1280 1915 con-

127 1945 267 2031 spicuum
282 1952 404 2032 egregie
418 1957 476 2012 tue
487 1950 518 2012 in
536 1952 598 2012 Nos
617 1967 653 2011 ec
668 1947 875 2030 Apostolicam
895 1947 975 2009 hanc
989 1947 1097 2009 Sedem
1112 1947 1280 2012 devotionis

127 2057 371 2112 monumentum.
386 2051 470 2113 ldem
483 2048 576 2112 etiam
585 2048 678 2111 Nobis
690 2053 737 2112 est
745 2046 1000 2128 jucundissimum
1018 2054 1178 2129 propterea
1197 2048 1280 2129 quod

126 2145 279 2225 praesefert
296 2145 487 2209 manifestam
506 2145 663 2224 cujusdam
684 2143 795 2206 intima
815 2161 852 2205 uc
864 2145 949 2205 vultu
971 2143 1080 2221 etiam,
1096 2149 1186 2224 utque
1206 2141 1279 2224 ipsis

126 2240 224 2304 oculis
234 2242 390 2305 emicantis
399 2241 621 2324 tranquillitatis
634 2240 726 2303 animi
741 2258 777 2303 ac
788 2238 947 2302 hilaritatis
959 2239 1220 2319 significationem.
1234 2241 1279 2311 Ex

125 2353 189 2419 quo
202 2337 346 2403 nimimm
354 2342 415 2404 Nos
429 2340 517 2403 iucile
530 2347 561 2402 et
571 2345 657 2402 tuam
668 2338 700 2400 in
711 2339 869 2401 vocatione
882 2339 1095 2418 constantiam,
1110 2342 1141 2401 et
1152 2338 1280 2402 uberem

127 2433 251 2501 celestis
272 2434 303 2498 in
323 2443 354 2500 te
375 2438 478 2519 gratio
496 2437 665 2517 largitatem
684 2436 885 2517 agnoscimus.
908 2436 993 2513 Quod
1016 2444 1119 2518 patere
1142 2438 1279 2500 omnium

126 2531 220 2594 etiarn
231 2534 326 2598 oculis
336 2536 497 2615 voluimus,
507 2541 597 2617 atque
606 2533 718 2598 idcirco
728 2534 815 2616 plura
825 2533 964 2617 imaginis
973 2541 1032 2598 tuae
1046 2534 1128 2617 pingi
1142 2535 1280 2616 exempla

123 2627 284 2708 iussimus,
305 2639 338 2695 ut
359 2633 467 2696 ceteris
485 2633 523 2696 ad
543 2640 633 2696 tante
656 2631 775 2695 virtutis
793 2632 998 2695 celebritatem
1016 2650 1053 2695 ac
1077 2631 1277 2695 imitationem
1378 2678 1380 2684 ¹

126 2727 282 2808 proposita
301 2749 364 2793 esse
380 2731 507 2813 possint.
530 2734 617 2795 lllam
636 2739 779 2815 preterea
799 2731 837 2794 ad
860 2732 1017 2795 veritatem
1037 2748 1212 2813 expressam
1233 2731 1278 2793 tui

126 2824 418 2909 orantis,deumque
439 2847 584 2910 sponsum
606 2830 786 2912 alloquentis
804 2830 934 2911 speciem
948 2847 1019 2893 cum
1040 2829 1277 2911 videmus,plu2

124 2916 239 2982 rimum
250 2929 353 2984 nostra
364 2923 395 2985 in
409 2943 463 3006 spe
476 2925 692 2987 confirmamur
704 2924 769 2987 iore
781 2930 816 2986 ut
826 2942 883 3005 pro
897 2931 950 2987 tua
961 2925 992 2986 in
1002 2927 1064 2987 Nos
1079 2927 1191 3007 pietate
1208 2943 1279 2987 cer-

125 3017 243 3080 tissima
254 3018 324 3082 inde
338 3020 512 3097 siutNobis‚
525 3019 664 3082 Ecclesiae
683 3037 720 3082 ac
740 3018 896 3081 carissimo
914 3019 944 3080 in
958 3019 1076 3081 Christo
1093 3020 1155 3081 lilio
1173 3027 1278 3105 nostro

125 3110 280 3175 ludovico
301 3115 485 3175 Francorum
506 3113 579 3194 Regi
596 3112 850 3176 christianissimo
868 3112 1076 3176 amantissimo
1089 3114 1206 3197 parenti
1223 3122 1278 3177 tuo

124 3208 233 3272 divinar
246 3209 312 3291 opis
325 3210 463 3295 presidia
473 3210 623 3274 adiutura.
636 3211 733 3273 Debes
746 3208 775 3271 id
789 3208 930 3289 singulari
946 3214 1055 3271 nostrie
1075 3209 1205 3288 caritati,
1217 3206 1286 3290 qua'

126 3310 157 3366 te
177 3324 399 3390 prosequimur,
414 3327 534 3390 quaque
558 3307 612 3369 tibi
629 3325 707 3369 nova
726 3307 788 3369 Nos
802 3323 920 3388 semper
943 3325 979 3368 ac
998 3306 1139 3370 uberiora
1152 3308 1277 3370 celestis

125 3404 247 3486 spiritus
264 3404 344 3468 dona
355 3406 494 3487 cupimus
508 3425 544 3469 ac
555 3423 724 3488 precamur.
741 3405 785 3466 Ac
797 3403 974 3467 eorumdem
992 3403 1145 3487 auspicem
1157 3412 1277 3488 aposto

126 3501 216 3563 licam
229 3500 470 3566 benedictionem
485 3503 552 3583 tibi,
566 3503 759 3566 dilectissima
774 3503 803 3565 in
816 3503 934 3566 Christo
945 3495 1007 3567 lilia
1018 3510 1140 3582 nostra,
1157 3521 1276 3585 unaque

87 3612 93 3626 ·
126 3599 288 3662 carmelitis
306 3601 392 3664 istius
408 3602 580 3665 monasterii
593 3601 756 3683 virginibus
767 3602 830 3666 tuis
841 3602 870 3665 in
880 3603 997 3666 Christo
1009 3602 1162 3664 sororibus
1174 3615 1278 3663 aman·

126 3696 239 3760 tissime
249 3697 449 3781 impertimur.
469 3703 579 3763 Datum
600 3703 711 3774 Romu,
727 3707 799 3773 etc„
814 3702 865 3764 dte
881 3712 917 3762 ao
929 3695 1082 3778 februaris·
1098 3708 1185 3777 t‘ttt,
1204 3714 1277 3778 pon·

126 3796 256 3872 ttjtcutur
267 3802 361 3860 nostri
370 3817 449 3862 nnnc
463 3806 562 3862 tertio.

603 3995 787 4012 fi——nn
