3194 5354
646 456 846 515 CLElllENTlS
866 461 930 514 xlv
965 474 970 518 t

697 626 874 697 CCXCVII.

535 780 836 844 nuffllnvlscovo
856 783 1063 855 venenosi

963 926 1057 982 Roma,
1075 923 1217 984 retinuerit
1232 928 1301 975 1774.

258 1023 509 1087 illustrissimam
521 1025 772 1089 Reuereodireimc
781 1030 908 1090 Domine
916 1031 955 1090 D.
967 1030 1005 1089 P.
1020 1030 1055 1090 C.
1064 1029 1161 1103 Quam
1168 1028 1273 1109 ingens
1280 1030 1363 1107 fidei,

218 1123 393 1204 virtutisque
407 1129 466 1186 tuae
478 1122 560 1186 fama
570 1125 751 1206 populorum
764 1144 819 1187 ora
830 1125 1042 1207 compleverit,
1057 1125 1129 1187 binc
1143 1124 1229 1187 facile
1252 1129 1367 1207 poteris

218 1221 407 1299 existimare,
418 1222 500 1303 quod
511 1241 567 1304 ego
577 1230 607 1285 te
618 1231 688 1287 ante
700 1225 811 1306 incipio
822 1243 939 1305 rogare,
950 1242 1043 1305 quam
1058 1242 1158 1302 nosse,
1170 1225 1312 1306 quodque
1326 1227 1366 1286 li-

218 1319 299 1381 benti
314 1325 344 1382 te
360 1320 461 1382 animo
472 1321 680 1401 amplexurum
691 1321 810 1384 confido
819 1321 1009 1384 occasionem
1016 1321 1054 1383 de
1062 1341 1096 1384 re
1103 1322 1261 1400 catholica,
1274 1332 1367 1404 atque

218 1417 390 1498 Apostolica
400 1418 458 1479 bac
469 1419 544 1481 Sede
557 1421 699 1500 preclare
707 1419 855 1482 merendi.
868 1418 1146 1499 perspectissimum
1158 1418 1223 1496 jam
1233 1438 1298 1481 esse
1311 1420 1364 1482 tibi

217 1513 317 1593 debet,
333 1522 408 1594 quot
425 1516 588 1597 qualesque
607 1517 636 1578 in
651 1517 773 1579 Dioecesi
791 1516 1014 1579 Vratislaviensi
1030 1515 1225 1578 excitaverint
1244 1517 1364 1595 teubas,

218 1611 385 1694 quibusque
406 1612 679 1676 machinationibus
693 1614 739 1676 usi
758 1614 902 1678 continuo
914 1612 1024 1676 fuerint
1042 1611 1203 1680 malesuadi
1225 1612 1372 1677 hominos

219 1709 355 1772 extincta
365 1710 515 1772 societatis
523 1712 610 1789 lesu,
624 1718 658 1773 ut
669 1713 808 1793 evulgato
819 1712 936 1792 jamdiu
946 1710 984 1772 de
998 1709 1145 1773 Socictote
1160 1711 1225 1791 ipsa
1236 1711 1366 1775 delenda

218 1807 392 1890 Apostolioo
405 1807 490 1868 Brevi
510 1816 622 1871 temere
635 1809 835 1884 obsisterent,
850 1827 886 1870 ac
898 1807 1062 1870 Pontificiis
1076 1813 1238 1888 utcumque
1253 1810 1365 1872 confixi

219 1905 335 1986 legibus
348 1922 497 1985 nusquam
509 1911 609 1967 tamen
623 1905 772 1988 profligati
783 1905 964 1969 viderentur.
1381 1987 1388 1999 ι

259 2002 349 2077 Quasi
375 2001 487 2064 etenim
503 2003 632 2066 societas
644 2004 709 2086 ipsa
719 2005 766 2067 vel
776 2005 875 2067 adhuc
884 2004 1011 2080 viveret,
1025 2004 1071 2064 vel
1081 2002 1142 2065 suis
1151 2004 1241 2066 veluti
1254 2025 1271 2067 e
1282 2007 1368 2069 cine-

219 2100 303 2162 ribus
326 2099 385 2162 illio
405 2108 528 2162 evocata
552 2101 745 2177 consisteret,
765 2120 854 2164 nemo
876 2119 954 2164 unus
973 2102 1093 2164 illorum
1115 2102 1248 2182 antiquis
1267 2105 1367 2167 adhuc

220 2198 355 2260 moribus
377 2198 550 2279 legibusque
567 2199 757 2280 temperavit.
778 2198 902 2260 Scholas
916 2198 977 2259 imo
990 2197 1118 2278 quisque
1135 2206 1254 2261 exercet
1267 2201 1368 2283 impa-

220 2294 323 2374 vidus,
352 2296 472 2378 publice
495 2302 631 2359 versatur
649 2296 798 2374 ecclesiis,
816 2295 1052 2377 dispensatorem
1077 2296 1138 2376 ogit
1154 2299 1367 2379 mysteriorum

220 2392 290 2470 Dei,
304 2393 463 2475 pluresque
473 2394 629 2456 turmatim
642 2393 810 2457 scholastici
823 2397 931 2474 urgent
943 2391 1052 2453 initiari
1063 2392 1155 2460 sacris
1170 2393 1208 2456 ad
1220 2394 1367 2460 nefariam

221 2498 477 2554 sacramentorum
500 2491 725 2554 contumeliam.
746 2494 883 2571 Dumque
903 2507 1008 2551 omnes
1033 2489 1186 2568 clausam,
1210 2492 1365 2567 mutilam,

222 2594 253 2650 et
271 2589 405 2669 qualibet
424 2589 512 2652 sorde
526 2589 709 2652 maculatam
729 2588 859 2652 offerunt
870 2587 1000 2649 hostiam
1010 2631 1018 2664 ,
1035 2587 1117 2651 omni
1136 2607 1193 2668 ope
1206 2587 1366 2669 studioque

220 2688 369 2761 nltnntur,
395 2690 484 2765 atque
508 2684 538 2745 in
561 2685 735 2765 Apostolico
755 2683 978 2746 Vratislaviensi
999 2683 1120 2747 Vinario
1139 2684 1289 2748 suscitavit
1307 2686 1364 2747 sibi

221 2783 300 2844 Deus
328 2781 515 2845 sacerdotem
537 2780 674 2855 fidelem,
708 2780 834 2844 assiduis
855 2779 998 2843 molestiis
1024 2781 1154 2861 agitent,
1177 2799 1290 2861 eosque
1313 2784 1366 2865 qui

220 2877 324 2942 fideles
332 2886 419 2958 sunt,
435 2887 465 2944 et
476 2880 602 2944 verbum
615 2881 733 2944 Domini
748 2880 889 2958 andiunt,
908 2877 980 2942 diris
991 2878 1196 2941 vexationibus
1212 2878 1369 2960 impuden-

221 2975 333 3039 tissime
344 2977 470 3056 jactent.

260 3073 432 3136 'l'eterrimn
456 3074 527 3137 huic
546 3076 716 3157 tempestati
735 3074 832 3138 facem
847 3073 991 3156 pretulit,
1012 3092 1047 3135 ac
1069 3073 1208 3154 preferre
1233 3075 1368 3138 nondum

220 3168 290 3231 sinit
301 3169 439 3233 inimicus
449 3172 541 3234 homo
550 3163 672 3234 Carolus
681 3171 829 3249 Reinock,
839 3171 891 3253 qui
903 3169 975 3233 dum
990 3171 1230 3251 Wartebergensi
1241 3174 1369 3236 Jesnita·

221 3284 289 3327 rum
303 3267 452 3347 collegio,
465 3267 650 3350 fortunisque
664 3277 833 3351 praeerateo
848 3269 980 3331 scandali
988 3268 1168 3350 scelerisque
1178 3270 1366 3346 conscendit,

222 3370 255 3423 ut
270 3364 308 3424 ab
326 3365 424 3426 activa
439 3385 474 3427 ac
494 3367 613 3447 passiva
632 3386 721 3446 voce,
739 3367 777 3430 ab
799 3367 944 3430 universis
957 3366 1081 3444 officiis,
1103 3368 1142 3430 ab
1163 3367 1229 3449 ipso
1243 3368 1366 3432 demum

221 3459 337 3539 egendo
352 3461 530 3542 paenitentia
550 3472 738 3526 sacramento
763 3464 896 3544 dejectus
912 3462 1022 3540 fuerit,
1039 3465 1104 3546 ipsa
1127 3465 1201 3527 olim
1223 3466 1366 3529 societate

221 3553 398 3638 plaudente,
417 3560 558 3640 quodque
569 3561 688 3640 gravius
706 3568 767 3638 est,
790 3562 865 3624 adeo
881 3561 988 3643 serpit,
1005 3563 1253 3644 progrediturque
1266 3583 1367 3627 sermo

221 3657 286 3733 ejus
295 3660 419 3740 loquens
429 3660 608 3737 vanitatem,
620 3666 652 3721 nt
660 3660 836 3737 commotis,
845 3659 1041 3740 abductisquc
1050 3658 1081 3720 in
1093 3659 1267 3720 sententiam
1277 3678 1366 3721 suam

222 3756 394 3834 provinciali
411 3757 518 3819 Silesiae
532 3776 567 3819 ao
580 3754 752 3819 Senioribus
771 3755 908 3818 exstincti
929 3754 1057 3832 ordinis,
1072 3756 1199 3838 populus
1211 3754 1260 3816 ille
1274 3756 1368 3817 veluti

221 3852 369 3914 fluctuans
382 3872 399 3913 a
412 3873 485 3916 voce
501 3855 579 3916 Petri
602 3874 637 3916 ac
651 3856 766 3916 Sanctae
779 3855 882 3916 Matris
901 3854 1058 3928 Ecclesiae,
1075 3874 1154 3916 novo
1166 3855 1229 3932 jam
1243 3851 1369 3936 incipiat

221 3957 310 4012 vento
325 3950 354 4011 in
370 3951 502 4031 nequitia
513 3952 670 4013 hominum
681 3952 877 4014 circumferri.

261 4049 337 4111 Hinc
352 4066 442 4130 porro
457 4048 542 4110 facile
555 4051 681 4130 quisque
692 4049 828 4128 intelligit
839 4068 960 4128 gravem
973 4049 1172 4130 acerbamque
1185 4050 1366 4128 molestiam,

220 4165 286 4225 qua
308 4145 459 4209 Pontifiols
483 4146 584 4208 animo
605 4145 727 4222 insedit,
746 4146 796 4207 ubi
818 4147 986 4226 insperatus
1006 4148 1079 4207 tanti
1104 4146 1246 4208 facinoris
1262 4166 1370 4210 rumor·

221 4242 376 4305 increbuit.
398 4241 486 4306 Novit
507 4244 532 4305 is
553 4243 675 4326 periculi
702 4244 954 4326 magnitudinem,
977 4263 1071 4325 eaque
1087 4245 1262 4324 gravissima
1283 4247 1370 4307 novit

220 4338 422 4418 incommoda,
431 4340 540 4422 quibus
549 4340 685 4421 ejusdem
695 4338 834 4404 facinoris
844 4343 1001 4404 tolerantia
1011 4387 1017 4420 ,
1029 4350 1171 4422 corrupta
1185 4343 1368 4423 populorum

220 4435 416 4514 conscientia,
432 4448 461 4498 et
476 4459 616 4520 suprema
631 4441 811 4520 apostolicae
829 4439 911 4500 Sedis
926 4440 1087 4500 ariolorilns
1103 4439 1305 4501 afficerentur.
1330 4443 1369 4500 Αῑ
