3194 5354
204 484 237 533 14
631 462 833 521 CLElllel'llS
846 461 911 515 xlv

200 583 283 656 bant,
303 576 481 640 tantundem
491 590 570 634 nunc
577 569 739 651 voluptatis
748 566 1045 630 inNosetooncordia
1055 568 1351 647 vestraredundavit‚

200 677 365 760 praesertim
376 691 447 735 cum
460 676 563 733 nostra
575 685 637 730 non
648 669 713 746 Jam
726 664 884 727 dividenda
896 665 937 726 ob
948 665 1163 727 dissensionem
1172 666 1226 742 sit,
1244 669 1297 728 sed
1309 670 1352 730 ob

197 773 429 837 consensionem
439 765 623 831 cumulanda
640 765 672 827 in
686 768 828 844 utrosque
844 762 1066 825 benevolentia.
1085 765 1351 827 Persuasiasimum

199 869 455 952 igiturrobisesse
464 865 615 946 cupimus,
627 861 701 945 nihil
712 860 875 941 jucundius
886 860 1021 922 accidere
1036 861 1129 922 Nobis
1143 863 1277 942 potuisse
1289 863 1349 924 hac

200 975 296 1030 vestra
312 962 483 1027 demerendi
496 962 590 1023 nostri
605 960 758 1022 alacritate
768 1003 777 1036 ,
789 977 857 1038 qua>
866 957 930 1019 hmo
945 956 1030 1019 initia
1043 958 1136 1019 nostri
1152 959 1350 1020 Pontificatus

199 1075 354 1146 tamquam
371 1061 493 1144 optimis
507 1079 543 1121 ac
563 1058 722 1120 laetissimis
739 1056 879 1139 auspiciis
897 1057 1036 1136 prosequi
1058 1056 1203 1118 voluistis.
1221 1059 1305 1117 llanc
1319 1058 1349 1118 in

199 1180 264 1223 rem
274 1168 305 1222 et
317 1160 475 1222 consilium
496 1173 597 1231 suum,
613 1173 674 1235 quo
691 1152 856 1235 plurimum
877 1153 988 1230 valent,
1006 1160 1036 1214 et
1048 1172 1171 1235 operam
1187 1155 1350 1216 contulisse

200 1278 270 1321 cum
295 1258 402 1319 eodem
427 1258 458 1317 S.
485 1257 521 1317 R.
548 1256 583 1313 E.
610 1252 781 1315 cardinales
807 1252 886 1313 cives
914 1256 1051 1327 vestros,
1082 1260 1113 1313 ct
1139 1254 1348 1314 venerabilem

200 1359 336 1418 Fratrem
350 1352 539 1415 Dominicum
556 1346 823 1427 Archiepiscopnm
837 1346 959 1422 Urbini,
971 1348 1057 1425 cujus
1073 1349 1231 1428 pastoralis
1247 1350 1351 1411 minis-

200 1453 265 1515 terii
278 1452 421 1535 praeclara
439 1447 520 1529 apud
528 1447 589 1508 Nos
600 1451 683 1507 extat
693 1444 812 1526 opinio,
823 1450 888 1504 tum
902 1443 1000 1523 ipsum
1012 1442 1153 1506 dilectum
1165 1447 1260 1508 tilium
1274 1467 1350 1511 nos-

200 1559 279 1611 trum
291 1549 426 1610 Flavium
439 1548 470 1607 S.
493 1548 529 1607 a.
544 1547 579 1606 E.
596 1543 786 1606 Cmdmdem
799 1541 933 1604 Chisium
947 1541 1076 1604 universi
1097 1542 1176 1605 illius
1199 1547 1348 1626 seraphici

200 1646 313 1708 ordinis
328 1651 543 1727 protectorem,
563 1642 601 1703 dc
611 1661 671 1723 quo
686 1641 803 1722 egregie
818 1658 935 1721 semper
944 1639 1052 1702 mereri
1070 1639 1193 1718 studuit,
1206 1661 1265 1704 non
1283 1645 1349 1707 sine

198 1763 304 1805 eorum
324 1742 462 1804 omnium
477 1739 608 1821 plurima
624 1738 713 1801 laude
732 1757 768 1801 ac
783 1738 1044 1801 commendatione
1057 1745 1088 1799 et
1108 1740 1298 1818 agnoscimus
1318 1752 1349 1804 et

198 1850 355 1903 testamur.
382 1843 479 1913 Quare
502 1836 584 1918 quod
606 1836 645 1897 illi
671 1854 784 1918 opera,
813 1836 938 1898 oonsilio
964 1843 1053 1917 atque
1083 1838 1260 1900 auctoritate
1293 1854 1350 1902 sna

200 1937 304 2020 pertici
320 1939 517 2010 curaverunt,
535 1952 647 2014 vosque
667 1952 703 1994 ac
721 1932 868 2013 seraphici
886 1940 986 2016 patres
1005 1939 1069 1996 tam
1089 1934 1179 1995 alacri
1201 1954 1349 2000 consensu

200 2034 403 2115 suffragioque
424 2029 663 2112 comprobastis,
687 2028 827 2110 quodque
846 2029 878 2090 in
900 2029 1060 2091 utilitatem
1081 2030 1167 2092 istius
1184 2033 1266 2095 urbis
1286 2054 1349 2116 pu-

198 2131 322 2208 blicam,
336 2136 509 2211 rectamque
523 2126 757 2190 adolescentium
771 2132 939 2188 vastrorum
957 2126 1175 2190 institutionem
1184 2131 1350 2195 certissime

198 2245 353 2292 comarum
368 2245 432 2290 esse
445 2245 507 2288 non
526 2215 717 2301 dubitamus,
731 2229 834 2286 nostra
851 2224 943 2286 ctiam
961 2225 1141 2287 auctoritate
1157 2229 1349 2309 comprobari

201 2344 335 2407 parasse
355 2324 486 2387 maxime
507 2322 699 2385 arbitramur.
712 2321 756 2383 Ne
778 2321 1022 2403 itaqneincidere
1037 2323 1236 2405 inposterum
1258 2327 1350 2408 quid-

199 2425 281 2505 piam
296 2424 406 2504 possit,
424 2421 507 2503 quod
520 2421 675 2483 decretum
691 2420 764 2482 illud
784 2421 900 2484 ambis
917 2422 966 2484 die
983 2421 1104 2484 decima
1122 2423 1259 2505 proxime
1269 2445 1351 2507 prro-

200 2520 282 2582 tcriti
291 2519 404 2582 mensis
415 2518 495 2581 iunii
508 2517 622 2581 lactum
632 2519 695 2581 ulla
713 2519 830 2582 radone
838 2519 1007 2602 infringere,
1019 2521 1176 2601 abrogare,
1185 2541 1220 2583 ac
1231 2523 1349 2588 abolere

200 2617 309 2695 valeat,
318 2623 410 2698 utque
416 2615 496 2678 idem
503 2614 788 2697 semperetillnsnm
798 2622 932 2678 servetur
941 2617 1084 2698 strigent,
1093 2619 1250 2701 omnisque
1258 2641 1349 2685 reno-

200 2713 368 2776 landarum
379 2713 651 2776 controversiarum
672 2732 708 2775 ac
727 2714 826 2775 litium
839 2715 961 2777 tollatur
974 2716 1059 2779 locus
1067 2762 1076 2795 ,
1092 2718 1154 2779 Nos
1169 2719 1349 2800 apostolicae

200 2811 436 2874 continuationis
445 2811 538 2873 robur
547 2809 750 2891 adjungimus,
759 2828 795 2872 ac
804 2829 926 2875 omnem
937 2812 1017 2875 varie
1028 2813 1126 2895 ipsam
1135 2815 1347 2897 interpretandi

200 2911 348 2971 rationem
374 2917 477 2971 nostra
501 2909 560 2970 hac
584 2907 743 2988 perspicua
767 2908 970 2974 declaratione
997 2931 1121 2993 prorsus
1145 2914 1346 2994 praecidimus.

199 3006 326 3069 Proinde
338 3007 476 3068 volumus
490 3024 525 3068 ac
536 3003 735 3084 declaramus,
749 3013 782 3069 ut
791 3007 959 3091 theologica
969 3010 1056 3072 istius
1065 3017 1169 3073 vestrm
1181 3012 1349 3076 studiorum

201 3104 401 3167 univcrsitatis
436 3102 596 3180 cathedra,
630 3105 879 3188 quotiescumque
907 3109 1004 3190 ipsam
1033 3127 1141 3171 vacare
1174 3110 1346 3190 mntigerit,

200 3221 318 3282 semper
332 3202 363 3261 in
378 3211 532 3281 posterum
547 3203 661 3263 ambis
670 3204 836 3286 vestrisque
847 3205 878 3267 in
896 3206 1026 3286 regenda
1036 3205 1142 3267 eadem
1157 3206 1348 3269 unirersitate

201 3296 427 3359 successoribus
437 3315 493 3376 pro
502 3303 638 3376 tempore
647 3298 698 3359 uni
710 3299 881 3365 conteratur
890 3321 926 3363 ex
940 3302 1036 3363 tribus
1045 3303 1190 3382 religiosis
1202 3303 1347 3384 seraphici

203 3394 327 3456 minoris
348 3393 555 3455 conventualis
571 3394 685 3458 ordinis
694 3397 783 3476 siris,
800 3401 853 3481 qni
871 3401 910 3461 ab
923 3397 1059 3478 ejusdem
1075 3400 1188 3463 ordinis
1206 3401 1349 3464 Pratecto

201 3491 337 3553 Generali
353 3491 452 3569 electi,
464 3490 611 3554 nominati
624 3510 659 3555 ac
667 3496 838 3575 presentati
848 3495 936 3557 robis
950 3493 1114 3577 vestrisque
1127 3498 1350 3562 successoribus

202 3591 322 3653 luerint.
338 3592 387 3653 Ab
400 3590 507 3654 eodem
518 3610 590 3654 sero
604 3594 748 3657 Praetoeto
767 3593 904 3657 Generali
921 3612 978 3674 pro
992 3600 1128 3675 tempore
1148 3598 1304 3674 volumus,
1318 3607 1351 3659 ut

200 3690 429 3773 diligentissimo
438 3689 643 3773 acerrimoque
649 3692 763 3772 judicio
774 3692 840 3752 baac
849 3690 903 3751 liat
913 3689 1039 3769 electio,
1054 3691 1157 3754 audito
1172 3693 1265 3759 etiam
1276 3714 1351 3777 pro—

201 3799 340 3854 curatore
357 3792 487 3871 generali
504 3791 632 3870 ordinis,
647 3791 823 3876 provinciali
835 3789 947 3867 Piceni,
963 3798 994 3852 et
1013 3792 1149 3874 patribus
1163 3793 1248 3857 istius
1274 3812 1352 3856 con-

202 3895 309 3950 ventus
320 3888 436 3951 Urbini.
450 3891 633 3972 Atquebaac,
645 3891 748 3954 dilecfi
766 3889 831 3967 lilii,
843 3907 909 3971 que
928 3890 958 3950 in
978 3890 1071 3952 nostri
1089 3891 1249 3972 gratiama
1266 3891 1352 3954 vobis

202 3994 363 4066 gestaesse
385 3986 464 4049 ultro
478 3987 620 4066 tammur,
640 3989 776 4063 iaciunt,
799 3993 889 4049 uteo
912 3987 1075 4050 studiosius
1093 3996 1229 4051 nostram
1249 3991 1279 4050 in
1298 4009 1352 4050 ros

202 4084 404 4162 gratimimam
412 4084 598 4149 voluntatem
611 4083 818 4163 conteramus,
829 4103 890 4166 quo
900 4086 999 4165 major
1005 4085 1113 4148 exinde
1124 4105 1159 4148 ac
1173 4087 1283 4148 certior
1296 4104 1352 4165 pu-

204 4182 290 4244 blice
302 4192 409 4246 restrae
421 4193 632 4268 perpetuasque
643 4183 781 4246 utilitatis
796 4183 981 4247 stabilienda
994 4203 1062 4266 spes
1075 4185 1245 4247 efflorescit.
1261 4184 1352 4246 Proin

204 4285 314 4340 nostra
326 4281 416 4362 hnjm
429 4284 566 4363 plurimae
579 4300 651 4362 erga
659 4300 713 4345 vos
726 4288 858 4363 paterne
868 4284 1083 4346 benevolentiae
1104 4283 1219 4346 tructus
1232 4284 1262 4345 in
1277 4302 1352 4365 pos·

205 4385 305 4437 terum
314 4378 406 4440 Nobis
415 4382 507 4442 ctiam
516 4380 683 4456 uberiores,
693 4380 785 4462 siqua
795 4382 1006 4464 opportunitas
1018 4384 1132 4461 tulerit,
1142 4382 1257 4466 prolixe
1267 4382 1352 4465 polli-

205 4494 320 4538 cemur.
332 4478 688 4561 luterimlinlucnlentius
708 4483 868 4561 pontificia
881 4501 951 4561 erga
964 4501 1017 4544 ros
1037 4481 1169 4545 caritatis
1189 4501 1352 4564 argrunen·
