3194 5354
473 462 653 518 eberone:
672 464 715 518 ET
731 464 866 520 BREVIA
884 464 1118 521 sententiolas.
1332 472 1366 522 93

221 571 391 646 hortamm,
408 585 445 630 ne
458 568 489 629 in
513 586 668 631 sacrarum
682 570 783 649 legum
800 570 826 632 vi
843 570 1018 633 estimanda
1032 588 1067 631 ac
1085 571 1196 632 tuenda
1209 572 1307 633 multo
1321 573 1366 634 le-

221 664 302 746 nior,
319 687 355 730 ac
373 666 525 729 remissior
537 684 619 744 esse,
641 685 734 748 quam
754 686 802 730 res
820 668 886 749 ipsa
898 687 934 732 ac
948 670 1277 751 Episcopaleolltcium
1297 691 1316 734 a
1338 681 1368 734 te

222 769 367 851 postulet,
375 766 504 830 videare.
519 767 628 828 Preter
638 766 719 829 enim
728 765 950 829 catholicorum
960 766 1265 842 ollensiones,vitabis
1276 771 1368 833 etiam

224 866 487 929 Heterodoxorum
500 865 552 947 qui
566 884 619 928 vos
635 865 767 945 undique
780 865 1002 927 circumsistunt
1016 872 1106 946 atque
1120 865 1295 944 observant,
1315 869 1369 945 jn-

225 963 320 1040 dicia3
334 963 451 1026 sienim
462 981 517 1024 vos
529 962 571 1024 illi
582 962 710 1025 viderint
727 961 868 1024 humanis
878 981 914 1025 eo
926 962 1082 1025 levissimis
1091 978 1215 1044 prorsus
1223 982 1261 1026 ex
1270 965 1368 1028 causis

223 1060 388 1123 novitatem
400 1059 479 1122 banc
493 1060 523 1121 in
536 1065 650 1122 veteres
659 1060 780 1140 pietatis
792 1078 827 1121 ac
838 1060 989 1139 religionis
999 1081 1071 1123 usus
1083 1061 1236 1138 inducere,
1246 1061 1368 1123 eosdem

212 1176 242 1229 ‚a
255 1156 348 1219 Vobis
361 1156 487 1236 negligi,
505 1164 535 1218 et
549 1156 702 1219 contemni
715 1157 801 1218 laelle
809 1156 1095 1238 interpretabuntur.
1111 1159 1156 1219 Ac
1166 1158 1197 1219 in
1206 1157 1368 1221 Pontifioie

223 1253 358 1316 caritatis
373 1254 483 1335 pignus
495 1254 700 1335 Apostolicam
713 1253 958 1317 Benedictionem
969 1255 1039 1333 tibi,
1053 1254 1241 1318 Venerabilis
1251 1257 1366 1332 Frater,

222 1355 414 1429 peramanter
428 1349 628 1430 impertimur.
645 1352 758 1412 Datum
769 1351 885 1423 Rome,
898 1360 968 1429 etc,
980 1353 1029 1414 die
1043 1363 1079 1413 aa
1087 1355 1174 1430 junii
1190 1364 1282 1432 ltro,
1293 1370 1368 1430 poo-

224 1450 357 1525 trflcatos
369 1452 467 1509 nostri
480 1466 560 1508 anno
570 1447 711 1509 secondo.

715 1676 873 1745 LXXXV.

637 1833 828 1876 vnnnnnsstl
850 1832 960 1874 Fllfflll

387 1916 565 1999 BASlLlo
591 1939 947 2000 hncfllnelseoeo
975 1938 1206 2011 MANILLAE,

535 2069 537 2072 <
564 2054 601 2101 in
618 2054 766 2102 insutis
782 2053 1030 2111 rurnrrrrurs,

516 2156 752 2236 CLEMENS
796 2161 924 2236 PAPA
965 2159 1071 2234 XlV.

1006 2300 1103 2360 llomae,
1118 2299 1218 2360 ttjunii
1236 2305 1303 2351 1770.

269 2406 467 2478 Venerabilis,
482 2413 540 2469 etc.
556 2406 721 2469 Protecturi
737 2406 835 2468 isthuc
854 2404 1030 2486 propediem
1046 2411 1117 2467 suut
1130 2405 1230 2468 dilecti
1242 2408 1296 2470 tilii
1310 2411 1368 2473 Sa-

223 2503 329 2567 cerdos
348 2504 487 2566 Nicolaus
502 2505 660 2568 Simonetti
677 2524 714 2568 ex
736 2504 900 2587 aggregatis
916 2505 1102 2586 Neapolitani
1119 2505 1287 2569 Sinensium
1302 2511 1368 2571 eol-

222 2600 303 2680 legii,
317 2608 347 2662 et
357 2600 497 2662 Nicotaus
507 2601 625 2663 'limoni
637 2601 772 2681 ejusdem
780 2601 896 2682 collegii
908 2602 1056 2664 hlumnus
1066 2620 1161 2684 nuper
1171 2603 1210 2665 ad
1220 2605 1368 2684 Sacerdo-

225 2701 257 2762 tii
269 2700 406 2763 ordinem
417 2706 599 2782 assumptus,
612 2720 741 2782 quorum
750 2719 842 2783 opera
855 2700 899 2763 uti
909 2701 972 2762 vult
983 2701 1092 2762 Nostra
1101 2701 1164 2763 hee
1173 2703 1368 2784 Congregatio

223 2788 261 2858 de
273 2798 469 2878 Propaganda
483 2797 554 2859 Fide
564 2799 595 2859 in
604 2816 641 2860 eo
650 2798 792 2878 collegio,
804 2798 891 2875 cujus
900 2797 1006 2859 eadem
1017 2816 1073 2878 pro
1086 2797 1204 2859 Sinensi
1210 2799 1367 2876 juventute

222 2889 311 2957 isthic
333 2894 531 2957 constituendi
548 2894 706 2956 consilium
717 2894 835 2973 jamdiu
855 2893 1002 2973 suscepit,
1019 2912 1054 2954 ae
1067 2912 1147 2954 nunc
1165 2901 1368 2974 opportunum

224 2989 356 3050 maxime
370 2989 409 3049 ad
421 2989 639 3070 perficiendum
652 3007 718 3050 esse
732 2997 851 3068 tempus
865 2987 1026 3048 existimet.
1041 2987 1206 3048 Plurimum
1225 2989 1287 3048 Nos
1298 2989 1369 3066 qui-

224 3081 296 3148 dem
307 3085 408 3166 cupidi
418 3086 553 3165 eiusdem
567 3104 690 3163 sumus,
704 3103 802 3164 neque
815 3083 942 3154 dubium
955 3082 1048 3143 Nobis
1058 3088 1120 3158 est,
1133 3082 1205 3162 quin
1218 3082 1368 3145 carissimi

223 3188 253 3247 ln
268 3183 385 3246 Christo
402 3177 454 3245 filii
468 3182 561 3245 nostri
581 3183 678 3245 Caroli
695 3181 906 3262 Hispaniarum
920 3181 1009 3262 Regis
1024 3181 1166 3245 Catholici
1182 3201 1238 3264 pro
1251 3187 1369 3265 egregia

222 3282 316 3364 ipsius
327 3276 438 3361 pietate
453 3300 488 3342 ac
498 3280 641 3361 religione
655 3279 908 3343 luculentissimus
917 3285 1050 3352 tautam,
1062 3286 1184 3360 tamque
1195 3281 1368 3361 preclaram

223 3380 445 3444 iustitutionem
455 3380 579 3458 juvandi
593 3398 629 3442 ao
639 3379 822 3461 provehendi
840 3395 1003 3441 consensus
1022 3383 1111 3457 atque
1128 3377 1218 3440 ardor
1232 3381 1366 3444 accedat.

223 3481 264 3540 Τε
281 3479 373 3542 etiam
382 3524 391 3556 ,
407 3477 592 3540 Venerabilis
604 3480 719 3556 Frater,
735 3478 831 3539 multo
845 3477 955 3539 ineam
974 3493 1039 3537 rem
1053 3475 1153 3540 studio
1164 3480 1366 3559 propendere,

222 3582 257 3638 ut
267 3577 396 3638 relatum
407 3569 503 3638 Nobis
520 3581 580 3654 est,
597 3594 782 3669 magnopere⁴
791 3575 966 3656 gaudemus.
985 3574 1114 3638 Proinde
1127 3594 1179 3638 eos
1193 3577 1370 3640 Sacerdotes

222 3675 298 3737 dum
311 3675 484 3757 Apostolice
501 3673 712 3736 Benedictione
726 3674 911 3737 discedentes
924 3693 942 3734 a
956 3674 1050 3736 Nobis
1072 3674 1293 3754 prosequimur,
1313 3675 1367 3736 tibi

224 3771 371 3849 majorem
392 3771 422 3834 in
445 3770 571 3834 modum
585 3772 884 3848 commendamus,a
904 3779 993 3851 teque
1016 3773 1206 3832 vehementer·
1220 3772 1366 3852 petimus,

222 3873 257 3928 nt
270 3867 391 3930 eosdem
405 3875 436 3930 et
449 3867 642 3930 advenientes
651 3868 875 3949 perhumaniter
889 3868 1034 3948 excipias,
1046 3874 1077 3928 et
1089 3867 1168 3928 illius
1178 3868 1295 3947 collegii
1305 3888 1368 3931 rem

220 3973 362 4028 curantes
379 3973 432 4028 tua
450 3984 569 4048 semper
590 3967 747 4047 patrocinii
763 3966 859 4047 gratia
876 3965 934 4026 hui
956 3964 1048 4041 velis,
1071 3963 1154 4044 quod
1175 3971 1205 4025 et
1223 3964 1316 4025 Nobis
1339 3973 1369 4026 et

164 4054 168 4060 ’
223 4062 293 4143 huic
309 4069 416 4128 nostre
429 4064 658 4145 Congregationi
676 4064 739 4126 lore
758 4083 776 4125 a
789 4071 819 4125 te
831 4061 1035 4143 gratissimum
1048 4056 1236 4143 profitemur.
1252 4062 1368 4123 Cumu-

223 4162 311 4224 latius
328 4182 399 4225 vero
410 4170 496 4224 tuam
507 4163 538 4224 in
554 4164 615 4224 Nos
629 4160 851 4224 observantiam
872 4159 1133 4241 comprobaveris,
1145 4159 1168 4219 si
1189 4163 1278 4236 prout
1291 4175 1368 4239 opus

224 4253 311 4320 isthic
330 4259 401 4336 erit,
419 4277 509 4340 opem
531 4266 620 4340 alque
635 4277 761 4339 operam
778 4265 862 4319 tuam
880 4258 1005 4338 collegio
1027 4257 1073 4319 isti
1095 4262 1234 4336 prestare
1248 4274 1368 4338 semper

223 4363 347 4433 paratus
358 4356 416 4431 sis,
429 4374 520 4440 quem
534 4356 699 4436 presertim
714 4356 849 4418 animum
863 4362 949 4418 tuum
966 4375 1003 4418 eo
1022 4372 1102 4416 nune
1120 4354 1253 4417 maximo
1265 4355 1367 4419 officio

222 4450 376 4514 declarare
389 4456 516 4535 poteris,
532 4455 555 4515 si
575 4453 762 4516 contenderis
777 4453 924 4514 industria
945 4458 1034 4531 atque
1049 4450 1226 4514 auctoritate
1245 4459 1314 4528 tua,
1335 4461 1368 4514 ut
