3194 5354
469 465 652 520 EPISTOLAE
671 466 716 520 ET
736 466 869 521 unnim
889 466 1120 522 subiecimus.
1320 475 1369 526 113

221 592 278 653 pro
289 578 374 634 tanta
384 588 460 633 vere
470 570 567 632 laudis
579 589 614 631 ac
627 571 728 649 glorie
742 571 912 634 accessione
925 590 1039 652 ,quam
1052 574 1210 653 triumphis
1219 593 1254 637 ac
1273 575 1370 637 victo-

222 667 274 729 riis
288 666 426 729 omnibus
440 665 622 746 praetuleris,
647 665 756 728 eximie
777 669 974 746 gratulemur.
993 669 1136 749 Cupimus
1150 670 1231 732 enim
1252 671 1295 732 ita
1316 672 1369 734 tibi

221 782 400 846 persuasum
414 781 491 841 esse,
504 762 578 824 nihil
588 763 626 824 ad
636 768 740 842 tuam,
754 770 871 845 tueque
880 765 979 845 Regiae
992 768 1106 827 Domm
1115 764 1287 830 felicitatem
1298 789 1371 849 per-

222 865 317 925 tinere
330 879 434 943 posse,
447 860 530 942 quod
545 860 584 922 cd
595 863 656 923 Nos
667 861 739 923 item
747 880 809 925 non
820 863 984 944 pertineat,
997 882 1192 944 summasque
1210 866 1302 929 Nobis
1317 868 1371 929 111-

222 961 293 1026 titie
304 960 434 1023 rationes
444 977 506 1021 non
517 957 741 1039 aderuntque
752 960 832 1022 banc
846 960 1029 1027 admirande
1038 967 1070 1025 et
1079 962 1204 1025 summis
1216 966 1371 1043 preconiis

222 1058 397 1122 extollendae
417 1057 569 1138 supientia
581 1063 640 1118 tua
658 1057 752 1120 Nobis
768 1074 849 1120 nunc
874 1060 1133 1141 opportunitatem
1153 1059 1219 1122 dari
1238 1064 1370 1126 maxime

222 1159 367 1232 letamur,
383 1161 416 1218 et
429 1156 468 1217 ab
484 1173 522 1217 ea
534 1155 698 1217 certissime
711 1156 891 1219 confidimus
901 1159 1062 1238 ampliores
1076 1157 1106 1219 in
1118 1159 1266 1239 populum
1284 1168 1370 1223 tuum

219 1254 416 1333 jucunditatis
428 1253 560 1330 fructus,
577 1253 654 1314 etin
668 1259 699 1314 te
711 1254 912 1317 luculentiora
928 1255 1038 1319 indies
1055 1255 1204 1318 felicitatis
1221 1275 1258 1318 ac
1271 1259 1372 1336 glorie

221 1353 407 1415 incrementa
415 1357 624 1414 consecutura.
635 1349 682 1411 Ad
695 1352 755 1412 Nos
766 1351 888 1431 quidem
902 1353 1093 1415 vehementer
1101 1353 1262 1434 cupimus,
1281 1353 1372 1434 idque

221 1454 316 1514 Deum
330 1450 484 1532 Optimum
497 1449 663 1511 Maximum
682 1448 768 1510 enixe
787 1468 945 1529 rogamus,
968 1451 1056 1529 cnjus
1079 1452 1204 1517 celestis
1225 1450 1371 1513 bencdic-

223 1549 313 1612 tionis
324 1549 476 1631 auspicem
490 1547 687 1629 apostolicam
705 1547 944 1610 benedictionem
962 1549 1115 1626 Majectati
1128 1551 1199 1612 Tne
1212 1549 1371 1629 Regiisque

222 1645 348 1724 Liberis,
364 1664 400 1707 ac
410 1645 553 1707 universe
564 1643 728 1705 Carissimae
737 1643 829 1706 Nobis
839 1644 947 1706 Domni
954 1645 1160 1708 amantissime
1169 1646 1369 1726 impertimur.

224 1745 337 1806 Datum
351 1745 553 1820 Romoe,etc.,
573 1742 623 1803 dic
641 1753 674 1802 11
686 1739 842 1818 februarii
863 1755 949 1820 1111,
965 1749 1164 1825 pontificatus
1176 1751 1371 1808 castriduno

222 1846 363 1907 secando.

704 1949 887 1963 —2

730 2016 861 2116 cxxx.

480 2202 649 2245 CleSSlHO
671 2205 704 2246 ΙΝ
724 2205 858 2248 cnxls'ro
880 2207 965 2248 1²th
991 2207 1111 2249 NOSTRO

374 2311 540 2376 JOSEPHO
561 2311 845 2374 1³0anmeAE
865 2312 914 2370 ΕΤ
935 2310 1218 2376 ALGARBIORUM

650 2439 722 2486 11111
741 2437 940 2487 1101111110

525 2542 762 2621 CLEMENS
789 2545 916 2620 PAPA
946 2544 1055 2622 XIV.

986 2694 1081 2754 nome,
1097 2698 1109 2742 1
1127 2693 1206 2743 martit
1221 2697 1290 2743 1111.
1387 2686 1389 2690 ’

264 2805 442 2873 Carissimo,
455 2807 511 2863 ctc.
525 2801 603 2862 Nihil
617 2802 657 2863 ad
670 2803 856 2880 Maiestatem
876 2803 989 2876 Tuam,
1005 2800 1188 2879 Regiamque
1203 2800 1297 2861 Nobis
1311 2804 1370 2864 Ca-

223 2900 371 2962 rissimam
386 2901 515 2959 Domum
536 2897 685 2979 pertinere
699 2898 761 2958 ullo
782 2896 875 2958 modo
891 2903 1009 2976 potest,
1025 2895 1108 2975 quod
1121 2902 1281 2974 paternum
1304 2898 1370 2956 ani-

224 3013 308 3056 mum
318 3001 456 3056 nostrum
469 2992 610 3071 singulari
624 2992 678 3054 tibi
691 2992 792 3053 studio
809 2990 1088 3069 conjunctissimum
1102 3008 1162 3051 non
1177 2990 1370 3052 vehementer

225 3091 335 3153 afliciat
345 3110 380 3152 ac
387 3091 539 3170 percellat.
549 3088 648 3150 Facile
655 3086 780 3169 proinde
789 3093 918 3169 potesex
928 3087 993 3167 ipso
1000 3086 1104 3148 dolore
1114 3093 1167 3147 tuo
1177 3105 1369 3166 cognoscere,

223 3196 336 3270 quanta
348 3186 509 3249 acerbitate
528 3183 659 3265 acceptis
672 3182 777 3247 litteris
795 3183 855 3247 tuis
867 3182 916 3245 die
930 3182 999 3244 XIV
1009 3183 1140 3260 januarii
1149 3182 1228 3245 datis
1240 3185 1368 3265 perculsi

222 3281 805 3366 100111111101111111111111111111111011010
816 3282 1370 3349 tristissimumnunciasNobisobitum

223 3385 319 3465 Regie
334 3381 480 3463 Principis
499 3380 602 3443 blariae
622 3380 788 3442 Franciscae
801 3380 958 3442 Dorothee
971 3387 1031 3442 tue
1049 3380 1214 3443 secundum
1228 3400 1368 3458 carnem,

223 3488 332 3562 nostrae
353 3497 424 3542 xero
446 3478 476 3539 in
499 3475 617 3540 Christo
634 3476 834 3540 dilectissime
857 3476 936 3540 filie.
953 3478 1051 3552 Quam
1065 3478 1127 3539 Nos
1147 3483 1266 3559 partem
1279 3478 1370 3540 vestri

224 3579 312 3657 hujus
323 3578 422 3641 luctis
430 3593 487 3659 pro
500 3581 626 3656 paterna
638 3582 743 3638 nostra
752 3575 908 3638 vobiscum
917 3575 1136 3640 necessitudine
1145 3577 1214 3654 jure
1228 3582 1370 3656 capturos

223 3677 416 3755 existimasti,
430 3675 571 3740 eamdem
584 3674 822 3737 cumulatissime
839 3674 993 3754 cepimus,
1013 3673 1205 3753 effusumque
1217 3672 1370 3752 quodam-

225 3777 315 3839 modo
328 3775 359 3839 in
372 3777 433 3839 Nos
448 3774 583 3838 animum
593 3779 681 3835 tuum
692 3772 736 3835 ita
745 3771 908 3849 sensimus,
918 3778 993 3835 utet
1006 3770 1085 3833 illius
1096 3769 1265 3848 desiderio,
1276 3777 1308 3833 et
1316 3778 1370 3834 tuo

224 3874 328 3936 dolore
339 3872 469 3937 maxime
482 3888 751 3935 commoreremur.
768 3870 826 3930 Pro
837 3887 874 3932 ea
888 3867 988 3949 igitur,
998 3885 1092 3950 quam
1102 3867 1254 3945 declares,
1266 3866 1304 3928 de
1315 3866 1370 3927 hn-

221 3969 354 4052 jusmodi
367 3978 472 4036 nostra
483 3972 596 4056 pietate
609 3970 721 4035 fiducia
733 3970 870 4034 obsecuti
885 3968 988 4033 stetim
1001 3986 1063 4032 11011
1077 3968 1177 4031 minus
1191 3974 1300 4030 nostrae
1312 3984 1370 4027 vo-

224 4067 331 4131 luntati
347 4086 467 4157 sumus,
485 4087 578 4153 quam
592 4075 668 4146 tue,
683 4074 773 4148 atpue
787 4067 826 4129 ad
845 4065 1029 4130 exorandam
1048 4066 1101 4130 Dei
1118 4064 1228 4146 Optimi
1246 4062 1368 4129 Maximi

224 4165 415 4228 clementiam
443 4183 499 4248 pro
523 4165 672 4229 defuncte
693 4165 840 4247 Principis
863 4165 1026 4227 immortali
1053 4163 1156 4244 mqrne
1171 4159 1369 4240 cogitationes

225 4280 344 4349 omncs,
367 4281 515 4344 curasque
535 4271 655 4327 nostres
678 4263 892 4326 convertimus.
916 4263 1015 4326 Leuiri
1039 4259 1259 4339 aliquantulum
1277 4276 1368 4339 posse

225 4378 418 4425 communem
435 4359 515 4433 huuc
526 4362 664 4428 dolorem
677 4367 814 4424 nostrum
827 4361 1016 4442 putavimus,
1036 4358 1060 4420 si
1076 4375 1136 4418 uua
1147 4362 1179 4418 et
1193 4355 1224 4419 in
1234 4355 1368 4420 divinam

224 4456 474 4530 misericordiam,
496 4461 573 4525 etin
595 4461 674 4524 illius
690 4478 790 4524 mores
808 4460 846 4523 ad
867 4457 1039 4521 Christiana
1059 4453 1211 4534 religionis
1232 4455 1368 4520 instituta
