<?xml version="1.0" encoding="UTF-8"?>
<!DOCTYPE html PUBLIC "-//W3C//DTD XHTML 1.0 Transitional//EN"
    "http://www.w3.org/TR/xhtml1/DTD/xhtml1-transitional.dtd">
<html xmlns="http://www.w3.org/1999/xhtml" xml:lang="en" lang="en">
 <head>
  <title>
</title>
<meta http-equiv="Content-Type" content="text/html;charset=utf-8" />
  <meta name='ocr-system' content='tesseract 3.04.00' />
  <meta name='ocr-capabilities' content='ocr_page ocr_carea ocr_par ocr_line ocrx_word'/>
</head>
<body>
  <div class='ocr_page' id='page_1' title='image "./clementisxivpon01clemgoog_0077.png"; bbox 0 0 3194 5354; ppageno 0'>
   <div class='ocr_carea' id='block_1_1' title="bbox 620 468 906 525">
    <p class='ocr_par' dir='ltr' id='par_1_1' title="bbox 620 468 906 525">
     <span class='ocr_line' id='line_1_1' title="bbox 620 468 906 525; baseline -0.017 0"><span class='ocrx_word' id='word_1_1' title='bbox 620 469 824 525; x_wconf 79' lang='lat' dir='ltr'><strong>CLEMENTlS</strong></span> <span class='ocrx_word' id='word_1_2' title='bbox 842 468 906 521; x_wconf 84' lang='lat' dir='ltr'><strong>xlv</strong></span> 
     </span>
    </p>
   </div>
   <div class='ocr_carea' id='block_1_2' title="bbox 715 665 814 735">
    <p class='ocr_par' dir='ltr' id='par_1_2' title="bbox 715 665 814 735">
     <span class='ocr_line' id='line_1_2' title="bbox 715 665 814 735; baseline -0.01 0"><span class='ocrx_word' id='word_1_3' title='bbox 715 665 814 735; x_wconf 80' lang='lat' dir='ltr'><strong>lvii.</strong></span> 
     </span>
    </p>
   </div>
   <div class='ocr_carea' id='block_1_3' title="bbox 598 842 926 889">
    <p class='ocr_par' dir='ltr' id='par_1_3' title="bbox 598 842 926 889">
     <span class='ocr_line' id='line_1_3' title="bbox 598 842 926 889; baseline -0.009 -2"><span class='ocrx_word' id='word_1_4' title='bbox 598 847 791 889; x_wconf 76' lang='lat' dir='ltr'><strong>vnunusntal</strong></span> <span class='ocrx_word' id='word_1_5' title='bbox 811 842 926 886; x_wconf 76' lang='lat' dir='ltr'><strong>ruam</strong></span> 
     </span>
    </p>
   </div>
   <div class='ocr_carea' id='block_1_4' title="bbox 189 964 1344 1171">
    <p class='ocr_par' dir='ltr' id='par_1_4' title="bbox 189 964 1344 1171">
     <span class='ocr_line' id='line_1_4' title="bbox 189 964 1344 1040; baseline -0.008 -3"><span class='ocrx_word' id='word_1_6' title='bbox 189 973 422 1036; x_wconf 70' lang='lat' dir='ltr'><strong>seuuemo</strong></span> <span class='ocrx_word' id='word_1_7' title='bbox 450 970 659 1040; x_wconf 70' lang='lat' dir='ltr'><strong>insufflo,</strong></span> <span class='ocrx_word' id='word_1_8' title='bbox 688 966 1045 1029; x_wconf 75' lang='lat' dir='ltr'><strong>anculuulscuru</strong></span> <span class='ocrx_word' id='word_1_9' title='bbox 1069 964 1344 1029; x_wconf 69' lang='lat' dir='ltr'><strong>nodutislno</strong></span> 
     </span>
     <span class='ocr_line' id='line_1_5' title="bbox 297 1106 1235 1171; baseline -0.005 -9"><span class='ocrx_word' id='word_1_10' title='bbox 297 1114 336 1162; x_wconf 85' lang='lat' dir='ltr'><strong>nr</strong></span> <span class='ocrx_word' id='word_1_11' title='bbox 352 1111 506 1162; x_wconf 83' lang='lat' dir='ltr'><strong>eeiscoro</strong></span> <span class='ocrx_word' id='word_1_12' title='bbox 521 1109 762 1171; x_wconf 83' lang='lat' dir='ltr'><strong>wonusrmnsr,</strong></span> <span class='ocrx_word' id='word_1_13' title='bbox 777 1111 801 1157; x_wconf 93' lang='lat' dir='ltr'><strong>s.</strong></span> <span class='ocrx_word' id='word_1_14' title='bbox 820 1111 848 1158; x_wconf 86' lang='lat' dir='ltr'><strong>a.</strong></span> <span class='ocrx_word' id='word_1_15' title='bbox 863 1110 884 1157; x_wconf 84' lang='lat'><strong>1.</strong></span> <span class='ocrx_word' id='word_1_16' title='bbox 902 1107 1043 1156; x_wconf 76' lang='lat' dir='ltr'><strong>mincius</strong></span> <span class='ocrx_word' id='word_1_17' title='bbox 1060 1106 1235 1166; x_wconf 72' lang='lat' dir='ltr'><strong>sumt,</strong></span> 
     </span>
    </p>
   </div>
   <div class='ocr_carea' id='block_1_5' title="bbox 499 1245 1028 1326">
    <p class='ocr_par' dir='ltr' id='par_1_5' title="bbox 499 1245 1028 1326">
     <span class='ocr_line' id='line_1_6' title="bbox 499 1245 1028 1326; baseline -0.002 -3"><span class='ocrx_word' id='word_1_18' title='bbox 499 1245 736 1325; x_wconf 89' lang='lat' dir='ltr'><strong>CLEMENS</strong></span> <span class='ocrx_word' id='word_1_19' title='bbox 764 1251 893 1326; x_wconf 86' lang='lat' dir='ltr'>PAPA</span> <span class='ocrx_word' id='word_1_20' title='bbox 920 1248 1028 1325; x_wconf 85' lang='lat' dir='ltr'><strong>XIV.</strong></span> 
     </span>
    </p>
   </div>
   <div class='ocr_carea' id='block_1_6' title="bbox 933 1430 1263 1490">
    <p class='ocr_par' dir='ltr' id='par_1_6' title="bbox 933 1430 1263 1490">
     <span class='ocr_line' id='line_1_7' title="bbox 933 1430 1263 1490; baseline -0.003 -11"><span class='ocrx_word' id='word_1_21' title='bbox 933 1433 1027 1490; x_wconf 75' lang='lat' dir='ltr'><strong>Roma,</strong></span> <span class='ocrx_word' id='word_1_22' title='bbox 1041 1435 1053 1480; x_wconf 79' lang='lat'>7</span> <span class='ocrx_word' id='word_1_23' title='bbox 1067 1430 1179 1479; x_wconf 80' lang='lat' dir='ltr'><strong>februarii</strong></span> <span class='ocrx_word' id='word_1_24' title='bbox 1195 1435 1263 1481; x_wconf 78' lang='lat'><strong>1770.</strong></span> 
     </span>
    </p>
   </div>
   <div class='ocr_carea' id='block_1_7' title="bbox 57 1546 1344 1929">
    <p class='ocr_par' dir='ltr' id='par_1_7' title="bbox 57 1546 1344 1929">
     <span class='ocr_line' id='line_1_8' title="bbox 234 1546 1343 1627; baseline 0.002 -19"><span class='ocrx_word' id='word_1_25' title='bbox 234 1547 430 1621; x_wconf 69' lang='lat' dir='ltr'><strong>Venerabilis,</strong></span> <span class='ocrx_word' id='word_1_26' title='bbox 443 1554 500 1609; x_wconf 86' lang='lat' dir='ltr'><strong>etc.</strong></span> <span class='ocrx_word' id='word_1_27' title='bbox 519 1546 687 1627; x_wconf 80' lang='lat' dir='ltr'><strong>Apostolici</strong></span> <span class='ocrx_word' id='word_1_28' title='bbox 702 1546 876 1623; x_wconf 84' lang='lat' dir='ltr'><strong>ministerii,</strong></span> <span class='ocrx_word' id='word_1_29' title='bbox 896 1547 979 1627; x_wconf 89' lang='lat' dir='ltr'><strong>quod</strong></span> <span class='ocrx_word' id='word_1_30' title='bbox 994 1549 1055 1608; x_wconf 82' lang='lat' dir='ltr'><strong>uso</strong></span> <span class='ocrx_word' id='word_1_31' title='bbox 1071 1547 1191 1609; x_wconf 82' lang='lat' dir='ltr'><strong>volema</strong></span> <span class='ocrx_word' id='word_1_32' title='bbox 1210 1546 1343 1611; x_wconf 87' lang='lat' dir='ltr'><strong>sustine-</strong></span> 
     </span>
     <span class='ocr_line' id='line_1_9' title="bbox 190 1642 1343 1725; baseline 0 -18"><span class='ocrx_word' id='word_1_33' title='bbox 190 1664 272 1722; x_wconf 85' lang='lat' dir='ltr'>mus,</span> <span class='ocrx_word' id='word_1_34' title='bbox 288 1663 306 1706; x_wconf 87' lang='lat' dir='ltr'><strong>a</strong></span> <span class='ocrx_word' id='word_1_35' title='bbox 321 1644 414 1707; x_wconf 91' lang='lat' dir='ltr'><strong>Nobis</strong></span> <span class='ocrx_word' id='word_1_36' title='bbox 427 1644 561 1725; x_wconf 86' lang='lat' dir='ltr'><strong>postulat</strong></span> <span class='ocrx_word' id='word_1_37' title='bbox 572 1642 760 1720; x_wconf 89' lang='lat' dir='ltr'><strong>sollicitudo,</strong></span> <span class='ocrx_word' id='word_1_38' title='bbox 776 1650 810 1705; x_wconf 95' lang='lat' dir='ltr'><strong>ut</strong></span> <span class='ocrx_word' id='word_1_39' title='bbox 823 1650 950 1724; x_wconf 85' lang='lat' dir='ltr'><strong>paterna</strong></span> <span class='ocrx_word' id='word_1_40' title='bbox 964 1643 1106 1721; x_wconf 79' lang='lat' dir='ltr'><strong>caritate,</strong></span> <span class='ocrx_word' id='word_1_41' title='bbox 1119 1660 1184 1724; x_wconf 78' lang='lat' dir='ltr'><strong>qua</strong></span> <span class='ocrx_word' id='word_1_42' title='bbox 1194 1644 1343 1707; x_wconf 70' lang='lat' dir='ltr'><strong>memsu-</strong></span> 
     </span>
     <span class='ocr_line' id='line_1_10' title="bbox 189 1739 1343 1820; baseline 0 -17"><span class='ocrx_word' id='word_1_43' title='bbox 189 1741 271 1803; x_wconf 83' lang='lat' dir='ltr'>deles</span> <span class='ocrx_word' id='word_1_44' title='bbox 284 1759 390 1803; x_wconf 87' lang='lat' dir='ltr'><strong>0mnes</strong></span> <span class='ocrx_word' id='word_1_45' title='bbox 398 1740 430 1802; x_wconf 91' lang='lat' dir='ltr'><strong>in</strong></span> <span class='ocrx_word' id='word_1_46' title='bbox 444 1740 572 1802; x_wconf 87' lang='lat' dir='ltr'><strong>Domino</strong></span> <span class='ocrx_word' id='word_1_47' title='bbox 585 1740 826 1820; x_wconf 79' lang='lat' dir='ltr'><strong>complectimur,</strong></span> <span class='ocrx_word' id='word_1_48' title='bbox 839 1739 1016 1802; x_wconf 87' lang='lat' dir='ltr'><strong>eorumdem</strong></span> <span class='ocrx_word' id='word_1_49' title='bbox 1023 1739 1117 1801; x_wconf 86' lang='lat' dir='ltr'><strong>etiam</strong></span> <span class='ocrx_word' id='word_1_50' title='bbox 1131 1741 1343 1820; x_wconf 78' lang='lat' dir='ltr'><strong>temporalium</strong></span> 
     </span>
     <span class='ocr_line' id='line_1_11' title="bbox 57 1835 1344 1929; baseline 0.001 -31"><span class='ocrx_word' id='word_1_51' title='bbox 57 1864 64 1870; x_wconf 87' lang='lat'><strong>·</strong></span> <span class='ocrx_word' id='word_1_52' title='bbox 191 1836 423 1898; x_wconf 92' lang='lat' dir='ltr'><strong>commodorum</strong></span> <span class='ocrx_word' id='word_1_53' title='bbox 437 1835 585 1898; x_wconf 87' lang='lat' dir='ltr'><strong>rationem</strong></span> <span class='ocrx_word' id='word_1_54' title='bbox 599 1841 665 1896; x_wconf 82' lang='lat' dir='ltr'><strong>mm</strong></span> <span class='ocrx_word' id='word_1_55' title='bbox 679 1836 811 1897; x_wconf 82' lang='lat' dir='ltr'>maxime</span> <span class='ocrx_word' id='word_1_56' title='bbox 827 1835 1010 1912; x_wconf 81' lang='lat' dir='ltr'><strong>habeamus,</strong></span> <span class='ocrx_word' id='word_1_57' title='bbox 1027 1853 1098 1897; x_wconf 88' lang='lat' dir='ltr'><strong>cnm</strong></span> <span class='ocrx_word' id='word_1_58' title='bbox 1114 1836 1223 1929; x_wconf 74' lang='lat' dir='ltr'><strong>maiori</strong></span> <span class='ocrx_word' id='word_1_59' title='bbox 1236 1836 1344 1899; x_wconf 84' lang='lat' dir='ltr'><strong>alacri-</strong></span> 
     </span>
    </p>
   </div>
   <div class='ocr_carea' id='block_1_8' title="bbox 143 1931 1345 4548">
    <p class='ocr_par' dir='ltr' id='par_1_8' title="bbox 143 1931 1345 4548">
     <span class='ocr_line' id='line_1_12' title="bbox 190 1931 1340 2014; baseline -0.001 -19"><span class='ocrx_word' id='word_1_60' title='bbox 190 1940 252 1995; x_wconf 91' lang='lat' dir='ltr'><strong>tate</strong></span> <span class='ocrx_word' id='word_1_61' title='bbox 265 1933 305 1995; x_wconf 87' lang='lat' dir='ltr'><strong>ad</strong></span> <span class='ocrx_word' id='word_1_62' title='bbox 318 1932 486 2014; x_wconf 79' lang='lat' dir='ltr'><strong>spiritualia</strong></span> <span class='ocrx_word' id='word_1_63' title='bbox 496 1932 709 2012; x_wconf 86' lang='lat' dir='ltr'><strong>consequenda</strong></span> <span class='ocrx_word' id='word_1_64' title='bbox 721 1931 838 2012; x_wconf 79' lang='lat' dir='ltr'><strong>possint</strong></span> <span class='ocrx_word' id='word_1_65' title='bbox 849 1932 986 1993; x_wconf 86' lang='lat' dir='ltr'><strong>excitari.</strong></span> <span class='ocrx_word' id='word_1_66' title='bbox 1002 1934 1190 2013; x_wconf 70' lang='lat' dir='ltr'><strong>Quapropter</strong></span> <span class='ocrx_word' id='word_1_67' title='bbox 1202 1935 1340 2014; x_wconf 77' lang='lat' dir='ltr'><strong>propensi</strong></span> 
     </span>
     <span class='ocr_line' id='line_1_13' title="bbox 190 2027 1340 2112; baseline -0.003 -18"><span class='ocrx_word' id='word_1_68' title='bbox 190 2049 308 2112; x_wconf 90' lang='lat' dir='ltr'><strong>semper</strong></span> <span class='ocrx_word' id='word_1_69' title='bbox 317 2028 465 2093; x_wconf 89' lang='lat' dir='ltr'><strong>sumusad</strong></span> <span class='ocrx_word' id='word_1_70' title='bbox 473 2027 895 2090; x_wconf 87' lang='lat' dir='ltr'><strong>illaVeuerabiliumFratrum</strong></span> <span class='ocrx_word' id='word_1_71' title='bbox 903 2027 1247 2108; x_wconf 83' lang='lat' dir='ltr'><strong>excipiendapostulsta,</strong></span> <span class='ocrx_word' id='word_1_72' title='bbox 1255 2046 1340 2108; x_wconf 80' lang='lat' dir='ltr'><strong>quc,</strong></span> 
     </span>
     <span class='ocr_line' id='line_1_14' title="bbox 189 2125 1343 2207; baseline 0 -16"><span class='ocrx_word' id='word_1_73' title='bbox 189 2148 260 2191; x_wconf 90' lang='lat' dir='ltr'><strong>cum</strong></span> <span class='ocrx_word' id='word_1_74' title='bbox 275 2129 334 2191; x_wconf 90' lang='lat' dir='ltr'><strong>sint</strong></span> <span class='ocrx_word' id='word_1_75' title='bbox 345 2127 384 2190; x_wconf 89' lang='lat' dir='ltr'><strong>ad</strong></span> <span class='ocrx_word' id='word_1_76' title='bbox 395 2127 531 2189; x_wconf 90' lang='lat' dir='ltr'><strong>divinum</strong></span> <span class='ocrx_word' id='word_1_77' title='bbox 544 2127 660 2188; x_wconf 88' lang='lat' dir='ltr'><strong>cultum</strong></span> <span class='ocrx_word' id='word_1_78' title='bbox 675 2125 904 2207; x_wconf 85' lang='lat' dir='ltr'><strong>animarumque</strong></span> <span class='ocrx_word' id='word_1_79' title='bbox 918 2126 1047 2188; x_wconf 87' lang='lat' dir='ltr'><strong>salutem</strong></span> <span class='ocrx_word' id='word_1_80' title='bbox 1061 2143 1223 2202; x_wconf 83' lang='lat' dir='ltr'><strong>conversa,</strong></span> <span class='ocrx_word' id='word_1_81' title='bbox 1237 2126 1271 2188; x_wconf 91' lang='lat' dir='ltr'><strong>in</strong></span> <span class='ocrx_word' id='word_1_82' title='bbox 1282 2127 1343 2191; x_wconf 84' lang='lat' dir='ltr'><strong>boc</strong></span> 
     </span>
     <span class='ocr_line' id='line_1_15' title="bbox 188 2223 1342 2307; baseline -0.003 -17"><span class='ocrx_word' id='word_1_83' title='bbox 188 2228 380 2307; x_wconf 82' lang='lat' dir='ltr'><strong>potissimiun</strong></span> <span class='ocrx_word' id='word_1_84' title='bbox 394 2232 563 2303; x_wconf 79' lang='lat' dir='ltr'><strong>versantur,</strong></span> <span class='ocrx_word' id='word_1_85' title='bbox 578 2231 611 2286; x_wconf 95' lang='lat' dir='ltr'><strong>ut</strong></span> <span class='ocrx_word' id='word_1_86' title='bbox 621 2224 838 2305; x_wconf 84' lang='lat' dir='ltr'><strong>opportuniora</strong></span> <span class='ocrx_word' id='word_1_87' title='bbox 847 2223 966 2286; x_wconf 88' lang='lat' dir='ltr'><strong>adeum</strong></span> <span class='ocrx_word' id='word_1_88' title='bbox 980 2224 1087 2301; x_wconf 85' lang='lat' dir='ltr'><strong>finem,</strong></span> <span class='ocrx_word' id='word_1_89' title='bbox 1101 2223 1225 2287; x_wconf 81' lang='lat' dir='ltr'><strong>sublatis</strong></span> <span class='ocrx_word' id='word_1_90' title='bbox 1235 2224 1342 2303; x_wconf 87' lang='lat' dir='ltr'><strong>etiam,</strong></span> 
     </span>
     <span class='ocr_line' id='line_1_16' title="bbox 191 2321 1344 2406; baseline -0.001 -20"><span class='ocrx_word' id='word_1_91' title='bbox 191 2327 215 2386; x_wconf 88' lang='lat' dir='ltr'><strong>si</strong></span> <span class='ocrx_word' id='word_1_92' title='bbox 223 2344 283 2406; x_wconf 85' lang='lat' dir='ltr'><strong>qua</strong></span> <span class='ocrx_word' id='word_1_93' title='bbox 294 2326 372 2388; x_wconf 85' lang='lat' dir='ltr'><strong>forte</strong></span> <span class='ocrx_word' id='word_1_94' title='bbox 384 2325 459 2402; x_wconf 90' lang='lat' dir='ltr'><strong>sint,</strong></span> <span class='ocrx_word' id='word_1_95' title='bbox 473 2323 627 2404; x_wconf 86' lang='lat' dir='ltr'><strong>periculis,</strong></span> <span class='ocrx_word' id='word_1_96' title='bbox 639 2322 813 2400; x_wconf 77' lang='lat' dir='ltr'><strong>adiumenta</strong></span> <span class='ocrx_word' id='word_1_97' title='bbox 821 2340 857 2384; x_wconf 87' lang='lat' dir='ltr'><strong>ac</strong></span> <span class='ocrx_word' id='word_1_98' title='bbox 865 2321 1003 2402; x_wconf 79' lang='lat' dir='ltr'><strong>prasidio</strong></span> <span class='ocrx_word' id='word_1_99' title='bbox 1014 2340 1068 2402; x_wconf 91' lang='lat' dir='ltr'><strong>per</strong></span> <span class='ocrx_word' id='word_1_100' title='bbox 1078 2321 1247 2403; x_wconf 80' lang='lat' dir='ltr'><strong>apostolica</strong></span> <span class='ocrx_word' id='word_1_101' title='bbox 1257 2322 1344 2385; x_wconf 82' lang='lat' dir='ltr'><strong>Sedis</strong></span> 
     </span>
     <span class='ocr_line' id='line_1_17' title="bbox 190 2419 1345 2503; baseline -0.003 -16"><span class='ocrx_word' id='word_1_102' title='bbox 190 2427 318 2503; x_wconf 79' lang='lat' dir='ltr'><strong>gratiam</strong></span> <span class='ocrx_word' id='word_1_103' title='bbox 323 2428 549 2502; x_wconf 88' lang='lat' dir='ltr'><strong>comparentur.</strong></span> <span class='ocrx_word' id='word_1_104' title='bbox 562 2423 676 2500; x_wconf 81' lang='lat' dir='ltr'><strong>Exque</strong></span> <span class='ocrx_word' id='word_1_105' title='bbox 689 2420 776 2481; x_wconf 76' lang='lat' dir='ltr'><strong>facile</strong></span> <span class='ocrx_word' id='word_1_106' title='bbox 790 2419 952 2500; x_wconf 80' lang='lat' dir='ltr'><strong>intelligere</strong></span> <span class='ocrx_word' id='word_1_107' title='bbox 963 2427 1065 2501; x_wconf 89' lang='lat' dir='ltr'><strong>potes,</strong></span> <span class='ocrx_word' id='word_1_108' title='bbox 1077 2419 1264 2483; x_wconf 79' lang='lat' dir='ltr'><strong>Venerabilis</strong></span> <span class='ocrx_word' id='word_1_109' title='bbox 1274 2421 1345 2483; x_wconf 85' lang='lat' dir='ltr'><strong>Fre·</strong></span> 
     </span>
     <span class='ocr_line' id='line_1_18' title="bbox 191 2517 1344 2600; baseline -0.001 -18"><span class='ocrx_word' id='word_1_110' title='bbox 191 2529 247 2597; x_wconf 85' lang='lat' dir='ltr'><strong>ter,</strong></span> <span class='ocrx_word' id='word_1_111' title='bbox 262 2539 323 2600; x_wconf 87' lang='lat' dir='ltr'><strong>qno</strong></span> <span class='ocrx_word' id='word_1_112' title='bbox 340 2519 442 2581; x_wconf 89' lang='lat' dir='ltr'><strong>animo</strong></span> <span class='ocrx_word' id='word_1_113' title='bbox 456 2518 663 2597; x_wconf 74' lang='lat' dir='ltr'><strong>eximperimus</strong></span> <span class='ocrx_word' id='word_1_114' title='bbox 680 2523 748 2577; x_wconf 87' lang='lat' dir='ltr'><strong>tuas</strong></span> <span class='ocrx_word' id='word_1_115' title='bbox 767 2517 900 2595; x_wconf 88' lang='lat' dir='ltr'><strong>litteras,</strong></span> <span class='ocrx_word' id='word_1_116' title='bbox 913 2536 980 2597; x_wconf 82' lang='lat' dir='ltr'><strong>quse</strong></span> <span class='ocrx_word' id='word_1_117' title='bbox 994 2524 1025 2579; x_wconf 88' lang='lat' dir='ltr'><strong>et</strong></span> <span class='ocrx_word' id='word_1_118' title='bbox 1036 2518 1153 2580; x_wconf 84' lang='lat' dir='ltr'><strong>eximiis</strong></span> <span class='ocrx_word' id='word_1_119' title='bbox 1163 2537 1235 2598; x_wconf 84' lang='lat' dir='ltr'><strong>erga</strong></span> <span class='ocrx_word' id='word_1_120' title='bbox 1247 2520 1344 2583; x_wconf 83' lang='lat' dir='ltr'><strong>Sanc·</strong></span> 
     </span>
     <span class='ocr_line' id='line_1_19' title="bbox 191 2612 1344 2694; baseline 0.001 -15"><span class='ocrx_word' id='word_1_121' title='bbox 191 2625 255 2679; x_wconf 88' lang='lat' dir='ltr'><strong>tam</strong></span> <span class='ocrx_word' id='word_1_122' title='bbox 275 2617 355 2677; x_wconf 88' lang='lat' dir='ltr'><strong>hanc</strong></span> <span class='ocrx_word' id='word_1_123' title='bbox 369 2614 478 2676; x_wconf 62' lang='lat' dir='ltr'><strong>&amp;dean</strong></span> <span class='ocrx_word' id='word_1_124' title='bbox 489 2612 656 2674; x_wconf 85' lang='lat' dir='ltr'><strong>devotionis</strong></span> <span class='ocrx_word' id='word_1_125' title='bbox 668 2619 700 2673; x_wconf 89' lang='lat' dir='ltr'><strong>et</strong></span> <span class='ocrx_word' id='word_1_126' title='bbox 717 2612 913 2676; x_wconf 80' lang='lat' dir='ltr'><strong>observantia</strong></span> <span class='ocrx_word' id='word_1_127' title='bbox 926 2614 1195 2694; x_wconf 79' lang='lat' dir='ltr'><strong>significationibus</strong></span> <span class='ocrx_word' id='word_1_128' title='bbox 1208 2624 1280 2678; x_wconf 90' lang='lat' dir='ltr'><strong>sunt</strong></span> <span class='ocrx_word' id='word_1_129' title='bbox 1292 2636 1344 2680; x_wconf 84' lang='lat' dir='ltr'><strong>re·</strong></span> 
     </span>
     <span class='ocr_line' id='line_1_20' title="bbox 190 2707 1343 2791; baseline 0 -16"><span class='ocrx_word' id='word_1_130' title='bbox 190 2713 288 2789; x_wconf 80' lang='lat' dir='ltr'><strong>serta,</strong></span> <span class='ocrx_word' id='word_1_131' title='bbox 311 2720 343 2773; x_wconf 89' lang='lat' dir='ltr'><strong>et</strong></span> <span class='ocrx_word' id='word_1_132' title='bbox 367 2709 550 2791; x_wconf 84' lang='lat' dir='ltr'><strong>pastoralem</strong></span> <span class='ocrx_word' id='word_1_133' title='bbox 569 2725 690 2784; x_wconf 84' lang='lat' dir='ltr'><strong>cmarn,</strong></span> <span class='ocrx_word' id='word_1_134' title='bbox 717 2707 965 2787; x_wconf 82' lang='lat' dir='ltr'><strong>sollicitudinem,</strong></span> <span class='ocrx_word' id='word_1_135' title='bbox 992 2727 1029 2772; x_wconf 85' lang='lat' dir='ltr'><strong>ec</strong></span> <span class='ocrx_word' id='word_1_136' title='bbox 1048 2709 1236 2789; x_wconf 70' lang='lat' dir='ltr'><strong>agitantium</strong></span> <span class='ocrx_word' id='word_1_137' title='bbox 1259 2719 1343 2775; x_wconf 88' lang='lat' dir='ltr'><strong>tunm</strong></span> 
     </span>
     <span class='ocr_line' id='line_1_21' title="bbox 191 2805 1342 2892; baseline 0 -17"><span class='ocrx_word' id='word_1_138' title='bbox 191 2811 323 2875; x_wconf 76' lang='lat' dir='ltr'><strong>manae</strong></span> <span class='ocrx_word' id='word_1_139' title='bbox 334 2806 546 2892; x_wconf 81' lang='lat' dir='ltr'><strong>praseierunt3</strong></span> <span class='ocrx_word' id='word_1_140' title='bbox 563 2805 593 2868; x_wconf 94' lang='lat' dir='ltr'><strong>in</strong></span> <span class='ocrx_word' id='word_1_141' title='bbox 612 2805 649 2867; x_wconf 92' lang='lat' dir='ltr'><strong>iis</strong></span> <span class='ocrx_word' id='word_1_142' title='bbox 662 2806 745 2867; x_wconf 88' lang='lat' dir='ltr'><strong>euim</strong></span> <span class='ocrx_word' id='word_1_143' title='bbox 764 2805 920 2888; x_wconf 78' lang='lat' dir='ltr'><strong>diligenter</strong></span> <span class='ocrx_word' id='word_1_144' title='bbox 934 2810 1060 2890; x_wconf 83' lang='lat' dir='ltr'><strong>exponis</strong></span> <span class='ocrx_word' id='word_1_145' title='bbox 1079 2827 1140 2870; x_wconf 90' lang='lat' dir='ltr'><strong>non</strong></span> <span class='ocrx_word' id='word_1_146' title='bbox 1160 2809 1342 2888; x_wconf 85' lang='lat' dir='ltr'><strong>mediocria,</strong></span> 
     </span>
     <span class='ocr_line' id='line_1_22' title="bbox 190 2906 1344 2992; baseline -0.002 -19"><span class='ocrx_word' id='word_1_147' title='bbox 190 2930 257 2992; x_wconf 83' lang='lat' dir='ltr'><strong>qua</strong></span> <span class='ocrx_word' id='word_1_148' title='bbox 268 2930 286 2973; x_wconf 89' lang='lat' dir='ltr'><strong>a</strong></span> <span class='ocrx_word' id='word_1_149' title='bbox 298 2910 416 2971; x_wconf 90' lang='lat' dir='ltr'><strong>dierum</strong></span> <span class='ocrx_word' id='word_1_150' title='bbox 430 2906 576 2970; x_wconf 76' lang='lat' dir='ltr'><strong>festorum</strong></span> <span class='ocrx_word' id='word_1_151' title='bbox 588 2922 714 2968; x_wconf 85' lang='lat' dir='ltr'><strong>numero</strong></span> <span class='ocrx_word' id='word_1_152' title='bbox 727 2906 758 2967; x_wconf 93' lang='lat' dir='ltr'><strong>in</strong></span> <span class='ocrx_word' id='word_1_153' title='bbox 769 2906 965 2970; x_wconf 86' lang='lat' dir='ltr'><strong>commissum</strong></span> <span class='ocrx_word' id='word_1_154' title='bbox 974 2906 1028 2969; x_wconf 90' lang='lat' dir='ltr'><strong>tibi</strong></span> <span class='ocrx_word' id='word_1_155' title='bbox 1039 2907 1187 2988; x_wconf 85' lang='lat' dir='ltr'><strong>populum</strong></span> <span class='ocrx_word' id='word_1_156' title='bbox 1200 2918 1344 2971; x_wconf 83' lang='lat' dir='ltr'><strong>esrrsmnt</strong></span> 
     </span>
     <span class='ocr_line' id='line_1_23' title="bbox 191 3005 1344 3089; baseline 0.002 -19"><span class='ocrx_word' id='word_1_157' title='bbox 191 3008 395 3084; x_wconf 77' lang='lat' dir='ltr'><strong>inmmmoda.</strong></span> <span class='ocrx_word' id='word_1_158' title='bbox 417 3008 531 3089; x_wconf 74' lang='lat' dir='ltr'><strong>Capera</strong></span> <span class='ocrx_word' id='word_1_159' title='bbox 551 3005 659 3069; x_wconf 84' lang='lat' dir='ltr'><strong>exinde</strong></span> <span class='ocrx_word' id='word_1_160' title='bbox 681 3025 772 3087; x_wconf 79' lang='lat' dir='ltr'><strong>gram</strong></span> <span class='ocrx_word' id='word_1_161' title='bbox 785 3007 932 3071; x_wconf 90' lang='lat' dir='ltr'><strong>damnum</strong></span> <span class='ocrx_word' id='word_1_162' title='bbox 953 3007 1055 3071; x_wconf 85' lang='lat' dir='ltr'><strong>iideles</strong></span> <span class='ocrx_word' id='word_1_163' title='bbox 1079 3026 1148 3069; x_wconf 90' lang='lat' dir='ltr'><strong>cum</strong></span> <span class='ocrx_word' id='word_1_164' title='bbox 1167 3006 1344 3072; x_wconf 71' lang='lat' dir='ltr'><strong>acatholicis</strong></span> 
     </span>
     <span class='ocr_line' id='line_1_24' title="bbox 190 3103 1342 3186; baseline -0.001 -17"><span class='ocrx_word' id='word_1_165' title='bbox 190 3107 372 3169; x_wconf 80' lang='lat' dir='ltr'><strong>commistos</strong></span> <span class='ocrx_word' id='word_1_166' title='bbox 394 3106 454 3183; x_wconf 87' lang='lat' dir='ltr'><strong>sis,</strong></span> <span class='ocrx_word' id='word_1_167' title='bbox 470 3112 560 3185; x_wconf 78' lang='lat' dir='ltr'><strong>atque</strong></span> <span class='ocrx_word' id='word_1_168' title='bbox 583 3104 613 3166; x_wconf 91' lang='lat' dir='ltr'><strong>in</strong></span> <span class='ocrx_word' id='word_1_169' title='bbox 628 3103 659 3164; x_wconf 92' lang='lat' dir='ltr'><strong>id</strong></span> <span class='ocrx_word' id='word_1_170' title='bbox 671 3105 769 3184; x_wconf 84' lang='lat' dir='ltr'><strong>magis</strong></span> <span class='ocrx_word' id='word_1_171' title='bbox 783 3105 876 3167; x_wconf 91' lang='lat' dir='ltr'><strong>etiam</strong></span> <span class='ocrx_word' id='word_1_172' title='bbox 896 3124 951 3167; x_wconf 92' lang='lat' dir='ltr'><strong>eos</strong></span> <span class='ocrx_word' id='word_1_173' title='bbox 966 3106 1117 3180; x_wconf 86' lang='lat' dir='ltr'><strong>incidere,</strong></span> <span class='ocrx_word' id='word_1_174' title='bbox 1134 3105 1186 3185; x_wconf 90' lang='lat' dir='ltr'><strong>qui</strong></span> <span class='ocrx_word' id='word_1_175' title='bbox 1199 3124 1293 3186; x_wconf 82' lang='lat' dir='ltr'><strong>opem</strong></span> <span class='ocrx_word' id='word_1_176' title='bbox 1305 3125 1342 3168; x_wconf 80' lang='lat' dir='ltr'><strong>ac</strong></span> 
     </span>
     <span class='ocr_line' id='line_1_25' title="bbox 191 3201 1342 3283; baseline -0.001 -18"><span class='ocrx_word' id='word_1_177' title='bbox 191 3203 295 3265; x_wconf 89' lang='lat' dir='ltr'><strong>labore</strong></span> <span class='ocrx_word' id='word_1_178' title='bbox 310 3204 342 3265; x_wconf 90' lang='lat' dir='ltr'><strong>in</strong></span> <span class='ocrx_word' id='word_1_179' title='bbox 362 3203 496 3264; x_wconf 86' lang='lat' dir='ltr'><strong>colendis</strong></span> <span class='ocrx_word' id='word_1_180' title='bbox 517 3202 683 3281; x_wconf 78' lang='lat' dir='ltr'><strong>presertim</strong></span> <span class='ocrx_word' id='word_1_181' title='bbox 696 3203 774 3280; x_wconf 81' lang='lat' dir='ltr'><strong>agris</strong></span> <span class='ocrx_word' id='word_1_182' title='bbox 792 3203 886 3264; x_wconf 81' lang='lat' dir='ltr'><strong>vitam</strong></span> <span class='ocrx_word' id='word_1_183' title='bbox 902 3222 980 3283; x_wconf 79' lang='lat' dir='ltr'><strong>agre</strong></span> <span class='ocrx_word' id='word_1_184' title='bbox 994 3209 1178 3279; x_wconf 76' lang='lat' dir='ltr'><strong>sustentant,</strong></span> <span class='ocrx_word' id='word_1_185' title='bbox 1201 3201 1342 3265; x_wconf 83' lang='lat' dir='ltr'><strong>distentia</strong></span> 
     </span>
     <span class='ocr_line' id='line_1_26' title="bbox 191 3298 1342 3379; baseline 0.002 -19"><span class='ocrx_word' id='word_1_186' title='bbox 191 3299 273 3360; x_wconf 88' lang='lat' dir='ltr'><strong>enim</strong></span> <span class='ocrx_word' id='word_1_187' title='bbox 287 3299 464 3378; x_wconf 86' lang='lat' dir='ltr'><strong>plerumque</strong></span> <span class='ocrx_word' id='word_1_188' title='bbox 475 3300 543 3359; x_wconf 88' lang='lat' dir='ltr'><strong>loca</strong></span> <span class='ocrx_word' id='word_1_189' title='bbox 556 3304 642 3374; x_wconf 90' lang='lat' dir='ltr'><strong>sunt,</strong></span> <span class='ocrx_word' id='word_1_190' title='bbox 655 3298 695 3360; x_wconf 88' lang='lat' dir='ltr'><strong>ad</strong></span> <span class='ocrx_word' id='word_1_191' title='bbox 705 3318 789 3379; x_wconf 78' lang='lat' dir='ltr'><strong>quac,</strong></span> <span class='ocrx_word' id='word_1_192' title='bbox 807 3305 841 3360; x_wconf 89' lang='lat' dir='ltr'><strong>ut</strong></span> <span class='ocrx_word' id='word_1_193' title='bbox 859 3299 997 3363; x_wconf 84' lang='lat' dir='ltr'><strong>intersint</strong></span> <span class='ocrx_word' id='word_1_194' title='bbox 1006 3317 1110 3378; x_wconf 85' lang='lat' dir='ltr'><strong>sacro,</strong></span> <span class='ocrx_word' id='word_1_195' title='bbox 1124 3298 1266 3363; x_wconf 76' lang='lat' dir='ltr'><strong>amedera</strong></span> <span class='ocrx_word' id='word_1_196' title='bbox 1284 3315 1342 3362; x_wconf 78' lang='lat' dir='ltr'><strong>no·</strong></span> 
     </span>
     <span class='ocr_line' id='line_1_27' title="bbox 192 3395 1343 3478; baseline 0 -19"><span class='ocrx_word' id='word_1_197' title='bbox 192 3415 274 3459; x_wconf 81' lang='lat' dir='ltr'><strong>cesse</strong></span> <span class='ocrx_word' id='word_1_198' title='bbox 287 3405 348 3474; x_wconf 91' lang='lat' dir='ltr'><strong>est,</strong></span> <span class='ocrx_word' id='word_1_199' title='bbox 371 3415 484 3476; x_wconf 80' lang='lat' dir='ltr'><strong>aspera</strong></span> <span class='ocrx_word' id='word_1_200' title='bbox 497 3414 534 3457; x_wconf 87' lang='lat' dir='ltr'><strong>ac</strong></span> <span class='ocrx_word' id='word_1_201' title='bbox 546 3395 682 3457; x_wconf 86' lang='lat' dir='ltr'><strong>difficiles</strong></span> <span class='ocrx_word' id='word_1_202' title='bbox 696 3398 764 3474; x_wconf 83' lang='lat' dir='ltr'><strong>vic,</strong></span> <span class='ocrx_word' id='word_1_203' title='bbox 783 3416 819 3459; x_wconf 91' lang='lat' dir='ltr'><strong>sc</strong></span> <span class='ocrx_word' id='word_1_204' title='bbox 836 3398 885 3459; x_wconf 82' lang='lat' dir='ltr'><strong>vix</strong></span> <span class='ocrx_word' id='word_1_205' title='bbox 901 3398 1023 3461; x_wconf 77' lang='lat' dir='ltr'><strong>serenda</strong></span> <span class='ocrx_word' id='word_1_206' title='bbox 1042 3416 1097 3478; x_wconf 89' lang='lat' dir='ltr'><strong>per</strong></span> <span class='ocrx_word' id='word_1_207' title='bbox 1116 3415 1259 3477; x_wconf 84' lang='lat' dir='ltr'><strong>maguam</strong></span> <span class='ocrx_word' id='word_1_208' title='bbox 1270 3398 1343 3459; x_wconf 85' lang='lat' dir='ltr'><strong>suni</strong></span> 
     </span>
     <span class='ocr_line' id='line_1_28' title="bbox 192 3491 1343 3574; baseline -0.001 -19"><span class='ocrx_word' id='word_1_209' title='bbox 192 3500 310 3574; x_wconf 87' lang='lat' dir='ltr'><strong>partem</strong></span> <span class='ocrx_word' id='word_1_210' title='bbox 320 3492 465 3555; x_wconf 88' lang='lat' dir='ltr'><strong>instabilis</strong></span> <span class='ocrx_word' id='word_1_211' title='bbox 482 3510 518 3553; x_wconf 90' lang='lat' dir='ltr'><strong>ac</strong></span> <span class='ocrx_word' id='word_1_212' title='bbox 531 3491 598 3552; x_wconf 84' lang='lat' dir='ltr'><strong>saevi</strong></span> <span class='ocrx_word' id='word_1_213' title='bbox 612 3493 688 3554; x_wconf 85' lang='lat' dir='ltr'><strong>aeris</strong></span> <span class='ocrx_word' id='word_1_214' title='bbox 699 3493 897 3555; x_wconf 88' lang='lat' dir='ltr'><strong>inclementia.</strong></span> <span class='ocrx_word' id='word_1_215' title='bbox 914 3497 1013 3565; x_wconf 89' lang='lat' dir='ltr'><strong>Quare</strong></span> <span class='ocrx_word' id='word_1_216' title='bbox 1034 3493 1207 3572; x_wconf 85' lang='lat' dir='ltr'><strong>hujusmodi</strong></span> <span class='ocrx_word' id='word_1_217' title='bbox 1219 3511 1343 3574; x_wconf 65' lang='lat' dir='ltr'><strong>permo÷</strong></span> 
     </span>
     <span class='ocr_line' id='line_1_29' title="bbox 193 3589 1342 3672; baseline -0.003 -20"><span class='ocrx_word' id='word_1_218' title='bbox 193 3598 241 3654; x_wconf 91' lang='lat' dir='ltr'><strong>tus</strong></span> <span class='ocrx_word' id='word_1_219' title='bbox 254 3591 339 3653; x_wconf 87' lang='lat' dir='ltr'><strong>istius</strong></span> <span class='ocrx_word' id='word_1_220' title='bbox 348 3589 445 3671; x_wconf 89' lang='lat' dir='ltr'><strong>gregis</strong></span> <span class='ocrx_word' id='word_1_221' title='bbox 456 3590 656 3652; x_wconf 88' lang='lat' dir='ltr'><strong>incommodis</strong></span> <span class='ocrx_word' id='word_1_222' title='bbox 664 3591 800 3672; x_wconf 87' lang='lat' dir='ltr'><strong>postulas</strong></span> <span class='ocrx_word' id='word_1_223' title='bbox 811 3592 928 3655; x_wconf 87' lang='lat' dir='ltr'><strong>aNobis</strong></span> <span class='ocrx_word' id='word_1_224' title='bbox 939 3591 1038 3672; x_wconf 85' lang='lat' dir='ltr'><strong>(quod</strong></span> <span class='ocrx_word' id='word_1_225' title='bbox 1050 3589 1342 3655; x_wconf 89' lang='lat' dir='ltr'><strong>aliictiamnonnulli</strong></span> 
     </span>
     <span class='ocr_line' id='line_1_30' title="bbox 191 3686 1342 3771; baseline -0.003 -20"><span class='ocrx_word' id='word_1_226' title='bbox 191 3690 358 3751; x_wconf 81' lang='lat' dir='ltr'><strong>Germamae</strong></span> <span class='ocrx_word' id='word_1_227' title='bbox 370 3689 502 3771; x_wconf 82' lang='lat' dir='ltr'><strong>episcopi</strong></span> <span class='ocrx_word' id='word_1_228' title='bbox 512 3689 659 3751; x_wconf 87' lang='lat' dir='ltr'><strong>similibus</strong></span> <span class='ocrx_word' id='word_1_229' title='bbox 673 3690 789 3752; x_wconf 91' lang='lat' dir='ltr'><strong>inducti</strong></span> <span class='ocrx_word' id='word_1_230' title='bbox 800 3691 899 3752; x_wconf 87' lang='lat' dir='ltr'><strong>causis</strong></span> <span class='ocrx_word' id='word_1_231' title='bbox 908 3689 1058 3767; x_wconf 74' lang='lat' dir='ltr'><strong>lecerunt)</strong></span> <span class='ocrx_word' id='word_1_232' title='bbox 1069 3696 1103 3751; x_wconf 88' lang='lat' dir='ltr'><strong>ut</strong></span> <span class='ocrx_word' id='word_1_233' title='bbox 1116 3687 1279 3751; x_wconf 85' lang='lat' dir='ltr'><strong>commisso</strong></span> <span class='ocrx_word' id='word_1_234' title='bbox 1287 3686 1342 3749; x_wconf 86' lang='lat' dir='ltr'><strong>tibi</strong></span> 
     </span>
     <span class='ocr_line' id='line_1_31' title="bbox 143 3782 1344 3870; baseline -0.002 -21"><span class='ocrx_word' id='word_1_235' title='bbox 143 3863 146 3869; x_wconf 24' lang='grc'>1</span> <span class='ocrx_word' id='word_1_236' title='bbox 192 3787 306 3870; x_wconf 90' lang='lat' dir='ltr'><strong>populo</strong></span> <span class='ocrx_word' id='word_1_237' title='bbox 327 3795 499 3868; x_wconf 90' lang='lat' dir='ltr'><strong>opportuna</strong></span> <span class='ocrx_word' id='word_1_238' title='bbox 517 3788 636 3851; x_wconf 87' lang='lat' dir='ltr'><strong>dierum</strong></span> <span class='ocrx_word' id='word_1_239' title='bbox 654 3787 803 3850; x_wconf 80' lang='lat' dir='ltr'><strong>festorum</strong></span> <span class='ocrx_word' id='word_1_240' title='bbox 815 3786 1025 3850; x_wconf 86' lang='lat' dir='ltr'><strong>imminutione</strong></span> <span class='ocrx_word' id='word_1_241' title='bbox 1046 3804 1084 3847; x_wconf 85' lang='lat' dir='ltr'><strong>ex</strong></span> <span class='ocrx_word' id='word_1_242' title='bbox 1102 3783 1270 3866; x_wconf 82' lang='lat' dir='ltr'><strong>apostoliea</strong></span> <span class='ocrx_word' id='word_1_243' title='bbox 1286 3782 1344 3846; x_wconf 87' lang='lat' dir='ltr'><strong>be-</strong></span> 
     </span>
     <span class='ocr_line' id='line_1_32' title="bbox 193 3882 1343 3968; baseline -0.003 -21"><span class='ocrx_word' id='word_1_244' title='bbox 193 3884 338 3966; x_wconf 81' lang='lat' dir='ltr'><strong>nignitate</strong></span> <span class='ocrx_word' id='word_1_245' title='bbox 361 3886 563 3948; x_wconf 86' lang='lat' dir='ltr'><strong>consulamns.</strong></span> <span class='ocrx_word' id='word_1_246' title='bbox 585 3888 647 3948; x_wconf 91' lang='lat' dir='ltr'><strong>Nos</strong></span> <span class='ocrx_word' id='word_1_247' title='bbox 663 3887 765 3967; x_wconf 83' lang='lat' dir='ltr'><strong>itaque</strong></span> <span class='ocrx_word' id='word_1_248' title='bbox 784 3885 1037 3968; x_wconf 87' lang='lat' dir='ltr'><strong>postulationibus</strong></span> <span class='ocrx_word' id='word_1_249' title='bbox 1057 3883 1118 3945; x_wconf 91' lang='lat' dir='ltr'><strong>tuis</strong></span> <span class='ocrx_word' id='word_1_250' title='bbox 1132 3882 1343 3961; x_wconf 85' lang='lat' dir='ltr'><strong>rationumque</strong></span> 
     </span>
     <span class='ocr_line' id='line_1_33' title="bbox 193 3980 1344 4063; baseline -0.003 -20"><span class='ocrx_word' id='word_1_251' title='bbox 193 3980 332 4061; x_wconf 74' lang='lat' dir='ltr'><strong>aquitm</strong></span> <span class='ocrx_word' id='word_1_252' title='bbox 351 3980 481 4061; x_wconf 88' lang='lat' dir='ltr'><strong>permoti</strong></span> <span class='ocrx_word' id='word_1_253' title='bbox 493 3988 523 4043; x_wconf 91' lang='lat' dir='ltr'><strong>et</strong></span> <span class='ocrx_word' id='word_1_254' title='bbox 535 3983 689 4044; x_wconf 82' lang='lat' dir='ltr'><strong>commissi</strong></span> <span class='ocrx_word' id='word_1_255' title='bbox 704 3983 758 4044; x_wconf 92' lang='lat' dir='ltr'><strong>tibi</strong></span> <span class='ocrx_word' id='word_1_256' title='bbox 773 3983 870 4063; x_wconf 87' lang='lat' dir='ltr'><strong>gregis</strong></span> <span class='ocrx_word' id='word_1_257' title='bbox 890 3981 1086 4057; x_wconf 85' lang='lat' dir='ltr'><strong>utilitatibus,</strong></span> <span class='ocrx_word' id='word_1_258' title='bbox 1102 3980 1214 4063; x_wconf 79' lang='lat' dir='ltr'><strong>absque</strong></span> <span class='ocrx_word' id='word_1_259' title='bbox 1227 3984 1344 4040; x_wconf 77' lang='lat' dir='ltr'><strong>aterna</strong></span> 
     </span>
     <span class='ocr_line' id='line_1_34' title="bbox 193 4077 1343 4159; baseline -0.003 -20"><span class='ocrx_word' id='word_1_260' title='bbox 193 4079 297 4141; x_wconf 85' lang='lat' dir='ltr'><strong>salutis</strong></span> <span class='ocrx_word' id='word_1_261' title='bbox 305 4077 529 4159; x_wconf 83' lang='lat' dir='ltr'><strong>madispendio</strong></span> <span class='ocrx_word' id='word_1_262' title='bbox 540 4080 697 4142; x_wconf 85' lang='lat' dir='ltr'><strong>consulere</strong></span> <span class='ocrx_word' id='word_1_263' title='bbox 705 4081 850 4156; x_wconf 83' lang='lat' dir='ltr'><strong>volentes,</strong></span> <span class='ocrx_word' id='word_1_264' title='bbox 860 4079 1174 4158; x_wconf 84' lang='lat' dir='ltr'><strong>Fratemitatituaper</strong></span> <span class='ocrx_word' id='word_1_265' title='bbox 1182 4080 1343 4157; x_wconf 76' lang='lat' dir='ltr'><strong>prasentes</strong></span> 
     </span>
     <span class='ocr_line' id='line_1_35' title="bbox 175 4174 1344 4259; baseline 0 -26"><span class='ocrx_word' id='word_1_266' title='bbox 175 4190 179 4197; x_wconf 92' lang='lat'>·</span> <span class='ocrx_word' id='word_1_267' title='bbox 194 4174 307 4237; x_wconf 86' lang='lat' dir='ltr'><strong>litteras</strong></span> <span class='ocrx_word' id='word_1_268' title='bbox 317 4175 550 4254; x_wconf 90' lang='lat' dir='ltr'><strong>committimus,</strong></span> <span class='ocrx_word' id='word_1_269' title='bbox 563 4185 597 4239; x_wconf 93' lang='lat' dir='ltr'><strong>nt</strong></span> <span class='ocrx_word' id='word_1_270' title='bbox 608 4177 713 4238; x_wconf 86' lang='lat' dir='ltr'><strong>habita</strong></span> <span class='ocrx_word' id='word_1_271' title='bbox 723 4196 840 4250; x_wconf 86' lang='lat' dir='ltr'><strong>rernm,</strong></span> <span class='ocrx_word' id='word_1_272' title='bbox 853 4197 930 4259; x_wconf 89' lang='lat' dir='ltr'><strong>quas</strong></span> <span class='ocrx_word' id='word_1_273' title='bbox 943 4176 1122 4258; x_wconf 72' lang='lat' dir='ltr'><strong>exposuisti,</strong></span> <span class='ocrx_word' id='word_1_274' title='bbox 1134 4174 1267 4249; x_wconf 74' lang='lat' dir='ltr'><strong>reuma,</strong></span> <span class='ocrx_word' id='word_1_275' title='bbox 1279 4188 1344 4233; x_wconf 81' lang='lat' dir='ltr'><strong>om</strong></span> 
     </span>
     <span class='ocr_line' id='line_1_36' title="bbox 194 4269 1344 4353; baseline 0 -22"><span class='ocrx_word' id='word_1_276' title='bbox 194 4269 284 4331; x_wconf 85' lang='lat' dir='ltr'><strong>uibus</strong></span> <span class='ocrx_word' id='word_1_277' title='bbox 301 4274 456 4353; x_wconf 83' lang='lat' dir='ltr'><strong>utriusque</strong></span> <span class='ocrx_word' id='word_1_278' title='bbox 469 4292 557 4335; x_wconf 85' lang='lat' dir='ltr'><strong>sexus</strong></span> <span class='ocrx_word' id='word_1_279' title='bbox 576 4272 715 4334; x_wconf 86' lang='lat' dir='ltr'><strong>fidelibus</strong></span> <span class='ocrx_word' id='word_1_280' title='bbox 735 4280 769 4335; x_wconf 79' lang='lat' dir='ltr'><strong>ln</strong></span> <span class='ocrx_word' id='word_1_281' title='bbox 788 4277 908 4337; x_wconf 80' lang='lat' dir='ltr'><strong>dioecesi</strong></span> <span class='ocrx_word' id='word_1_282' title='bbox 921 4284 973 4337; x_wconf 78' lang='lat' dir='ltr'><strong>tan</strong></span> <span class='ocrx_word' id='word_1_283' title='bbox 991 4274 1192 4336; x_wconf 75' lang='lat' dir='ltr'><strong>assistentibus</strong></span> <span class='ocrx_word' id='word_1_284' title='bbox 1210 4269 1344 4351; x_wconf 68' lang='lat' dir='ltr'><strong>exceptis</strong></span> 
     </span>
     <span class='ocr_line' id='line_1_37' title="bbox 195 4366 1343 4451; baseline -0.002 -20"><span class='ocrx_word' id='word_1_285' title='bbox 195 4368 336 4431; x_wconf 91' lang='lat' dir='ltr'><strong>omnibus</strong></span> <span class='ocrx_word' id='word_1_286' title='bbox 345 4370 450 4433; x_wconf 88' lang='lat' dir='ltr'><strong>diebus</strong></span> <span class='ocrx_word' id='word_1_287' title='bbox 459 4371 633 4447; x_wconf 89' lang='lat' dir='ltr'><strong>dominicis,</strong></span> <span class='ocrx_word' id='word_1_288' title='bbox 645 4371 754 4433; x_wconf 88' lang='lat' dir='ltr'><strong>natalis</strong></span> <span class='ocrx_word' id='word_1_289' title='bbox 766 4375 800 4433; x_wconf 83' lang='lat' dir='ltr'><strong>D.</strong></span> <span class='ocrx_word' id='word_1_290' title='bbox 810 4375 845 4434; x_wconf 91' lang='lat' dir='ltr'><strong>N.</strong></span> <span class='ocrx_word' id='word_1_291' title='bbox 855 4376 883 4434; x_wconf 89' lang='lat' dir='ltr'><strong>l.</strong></span> <span class='ocrx_word' id='word_1_292' title='bbox 897 4374 929 4433; x_wconf 86' lang='lat' dir='ltr'><strong>C.</strong></span> <span class='ocrx_word' id='word_1_293' title='bbox 943 4378 974 4434; x_wconf 90' lang='lat' dir='ltr'><strong>et</strong></span> <span class='ocrx_word' id='word_1_294' title='bbox 984 4377 1127 4451; x_wconf 83' lang='lat' dir='ltr'><strong>sequente</strong></span> <span class='ocrx_word' id='word_1_295' title='bbox 1138 4371 1169 4431; x_wconf 87' lang='lat' dir='ltr'><strong>S.</strong></span> <span class='ocrx_word' id='word_1_296' title='bbox 1183 4366 1343 4448; x_wconf 80' lang='lat' dir='ltr'><strong>Stephani,</strong></span> 
     </span>
     <span class='ocr_line' id='line_1_38' title="bbox 194 4464 1342 4548; baseline -0.002 -22"><span class='ocrx_word' id='word_1_297' title='bbox 194 4465 451 4540; x_wconf 76' lang='lat' dir='ltr'><strong>circumcisionis,</strong></span> <span class='ocrx_word' id='word_1_298' title='bbox 467 4468 650 4548; x_wconf 82' lang='lat' dir='ltr'><strong>Epiphania,</strong></span> <span class='ocrx_word' id='word_1_299' title='bbox 667 4469 902 4530; x_wconf 84' lang='lat' dir='ltr'><strong>Resurrectionis</strong></span> <span class='ocrx_word' id='word_1_300' title='bbox 916 4477 947 4530; x_wconf 90' lang='lat' dir='ltr'><strong>ct</strong></span> <span class='ocrx_word' id='word_1_301' title='bbox 960 4476 1121 4548; x_wconf 85' lang='lat' dir='ltr'><strong>sequente,</strong></span> <span class='ocrx_word' id='word_1_302' title='bbox 1135 4464 1342 4541; x_wconf 74' lang='lat' dir='ltr'><strong>ascensionis,</strong></span> 
     </span>
    </p>
   </div>
   <div class='ocr_carea' id='block_1_9' title="bbox 0 0 1608 5354">
    <p class='ocr_par' dir='ltr' id='par_1_9' title="bbox 0 0 1608 5354">
     <span class='ocr_line' id='line_1_39' title="bbox 0 0 1608 5354; baseline 0 0"><span class='ocrx_word' id='word_1_303' title='bbox 0 0 1608 5354; x_wconf 95' lang='lat' dir='ltr'><strong> </strong></span> 
     </span>
    </p>
   </div>
  </div>
 </body>
</html>
