3194 5354
468 512 652 569 EPlS'l'OLAE
669 513 715 565 ET
734 511 866 564 BREVlsl
883 508 1113 564 subactione.
1330 511 1363 560 35

698 681 879 768 xxxvru.

511 887 654 931 orbacus
675 888 771 930 slblls
793 887 959 929 nossemus
981 886 1071 928 Vltus

296 1018 477 1081 surisnis
496 1019 546 1079 aa
566 1017 824 1079 vnxusunao
844 1018 1085 1079 assensuram
1106 1018 1288 1080 Lucanus

527 1168 761 1247 CLEMENS
788 1170 916 1246 ΡΑΡΑ
943 1167 1049 1246 XIV.

892 1363 988 1421 nome,
1003 1367 1034 1413 2⁵
1049 1358 1186 1410 novembris
1203 1363 1271 1410 1769.

261 1473 387 1545 Diteots',
400 1477 454 1533 eto.
466 1473 506 1534 Ut
515 1489 553 1532 ex
568 1472 773 1553 superioribus
784 1471 976 1536 nobilitatum
986 1478 1154 1535 vestrarum
1175 1473 1281 1534 litteris
1293 1490 1366 1553 per-

223 1569 351 1632 moleste
370 1568 569 1631 intelleximus
591 1571 749 1651 repentino
767 1570 852 1632 obitu
871 1577 1009 1651 ereptum
1023 1589 1088 1632 esse
1104 1570 1189 1632 vobis
1214 1570 1366 1631 venerabi·

222 1668 282 1732 lem
303 1668 426 1731 tratrem
448 1669 597 1730 loannem
620 1668 809 1732 Dominicum
831 1669 981 1730 blanciam
1006 1668 1274 1749 Arehiepisecpum
1298 1685 1367 1728 ves-

222 1773 317 1844 trum,
328 1783 421 1847 quem
438 1770 547 1844 praeter
563 1764 734 1845 religiosam
745 1765 814 1828 vitae
832 1765 951 1846 abipso
964 1766 1194 1828 aotmratiouem
1208 1765 1367 1844 singularis

221 1861 367 1927 doctrinae
389 1861 478 1925 laude
496 1862 669 1942 prestitisse
690 1863 891 1942 agnoscimus,
911 1864 954 1925 lta
979 1863 1103 1926 aNobis
1124 1868 1267 1944 percepta
1281 1862 1367 1926 istius

223 1960 390 2041 praesertim
403 1958 544 2022 sauceia
559 1977 651 2022 causo
670 1961 808 2023 molestia
827 1960 927 2024 omnis
943 1967 990 2022 est
1006 1960 1166 2041 postremis
1186 1959 1292 2022 litteris
1310 1960 1368 2022 de·

221 2057 310 2138 pulsa
321 2056 431 2136 quibus
441 2071 531 2119 curas
540 2064 658 2121 nostras
672 2058 709 2120 od
726 2075 838 2120 novum
851 2057 908 2138 ipsi
919 2057 1053 2120 ecelesia
1065 2055 1291 2137 praeticiendum
1300 2074 1368 2137 pas

223 2161 321 2217 torem
332 2171 490 2216 eonversas
511 2154 658 2235 sapientia
678 2162 776 2218 vestra
794 2153 944 2217 sublevari
958 2153 1050 2216 letati
1070 2170 1176 2214 sumus
1184 2175 1194 2229 ;
1215 2170 1268 2214 eos
1286 2151 1368 2213 enlm

224 2250 372 2313 marimo
377 2250 493 2329 judicio
505 2258 606 2314 vestro
615 2259 675 2315 tres
688 2251 945 2333 virospropositos
956 2250 1049 2314 Nobis
1057 2250 1294 2330 addeligendum
1303 2266 1369 2311 esse

223 2347 357 2410 voluistis
366 2393 375 2426 ,
389 2367 428 2410 ex
447 2350 557 2430 quibus
571 2368 783 2432 quemcunque
795 2351 834 2414 ad
845 2350 1137 2431 archiepiscopatum
1156 2347 1367 2424 eveheremus,

223 2448 297 2528 quin
318 2447 398 2510 idem
411 2447 603 2528 dignissimus
615 2458 710 2528 esset,
725 2451 864 2514 dubitare
883 2450 1008 2514 minime
1021 2466 1189 2530 possemus.
1205 2446 1291 2522 Quod
1308 2447 1369 2508 Nos

223 2545 346 2625 quidem
354 2563 426 2608 cum
434 2546 592 2628 diligentie
598 2555 708 2615 nostre
717 2555 835 2630 partem
845 2547 1038 2627 intamgravi
1048 2562 1081 2607 re
1089 2543 1322 2626 compleremus,
1333 2561 1370 2605 ao

223 2661 344 2704 summo
356 2644 482 2725 proinde
497 2646 596 2708 studio
612 2648 680 2727 quis
699 2665 806 2709 eorum
820 2645 859 2711 ad
872 2651 992 2707 tautum
1004 2642 1230 2724 suscipiendum
1245 2658 1368 2718 munus,

222 2740 363 2803 omnibus
387 2743 443 2805 rite
460 2746 609 2825 expensis,
628 2746 758 2809 maxime
780 2750 969 2826 opportunus
988 2748 1078 2818 esset,
1106 2739 1365 2818 investigaremus,

223 2837 319 2900 multa
326 2840 591 2917 cumiuounditate
600 2849 758 2922 vestraque
765 2841 855 2904 laude
863 2838 1072 2919 cognovimus.
1087 2839 1190 2916 Neque
1196 2834 1249 2897 diu
1256 2834 1370 2896 lueren-

222 2931 297 2994 dum
307 2933 375 3012 luit,
388 2954 481 3015 quem
490 2939 637 3000 sententia
649 2938 970 3018 nostrapreelerremus
978 2981 988 3015 ,
997 2953 1069 2997 oum
1080 2953 1132 2996 eas
1143 2934 1173 2994 iu
1186 2933 1297 2994 dilecto
1308 2932 1370 2993 tilio

224 3027 353 3091 blartino
368 3031 493 3093 Bianohi
511 3033 598 3096 istius
616 3034 797 3096 cathedralis
812 3034 959 3094 canonico
970 3031 1111 3108 theologo
1124 3029 1216 3089 animi
1230 3027 1316 3088 dotes
1335 3047 1371 3090 ee

224 3124 348 3187 virtutes
358 3125 668 3208 deprehenderemus,
683 3147 751 3208 qum
772 3129 810 3190 ad
831 3128 981 3208 pastorale
999 3143 1076 3188 onus
1091 3124 1209 3204 egregie
1219 3124 1371 3186 sustinen-

223 3221 299 3286 dum
313 3224 403 3305 plane
416 3223 503 3288 factm
521 3244 586 3289 esse
599 3227 782 3289 viderentur.
792 3225 940 3288 Eumdem
954 3225 1046 3304 igitur
1065 3223 1096 3284 in
1111 3221 1372 3303 archiepiscopum

222 3327 355 3383 vestrum
386 3322 580 3401 designamus
606 3330 637 3385 et
662 3323 817 3403 eligimus,
844 3321 926 3401 quod
951 3325 1035 3382 tants
1058 3319 1151 3380 etiam
1173 3319 1372 3382 cumulatiore

224 3416 325 3479 animo
338 3416 486 3495 iacimus,
500 3417 583 3500 quod
601 3419 775 3500 vosmetipsi
797 3424 903 3481 vestrm
920 3418 1047 3500 potioris
1068 3419 1099 3478 iu
1117 3433 1189 3478 eum
1208 3416 1372 3481 voluntatis

224 3520 400 3593 argumenta
414 3514 591 3595 praeleretis.
613 3519 692 3580 Dum
711 3516 790 3579 banc
810 3517 912 3596 itaque
930 3515 1087 3578 vobiscum
1106 3513 1285 3577 electionem
1296 3532 1372 3578 ηοε-

224 3617 301 3673 barn
313 3612 591 3690 communicamus,
607 3632 643 3676 ac
657 3611 865 3676 nobilitatibus
878 3610 984 3674 vestris
997 3609 1036 3672 de
1047 3611 1216 3672 certissima
1228 3629 1282 3691 spe
1294 3610 1370 3688 lore,

224 3713 259 3768 ut
271 3709 421 3789 optimum
434 3711 610 3791 consequuti
622 3711 686 3774 sitis
699 3717 864 3791 pastorem,
877 3710 1071 3772 vehementer
1082 3709 1237 3788 cupimus,
1252 3713 1289 3769 ut
1301 3709 1372 3789 plu-

225 3803 335 3867 rimum
346 3812 483 3868 nostrum
496 3806 588 3870 luisse
598 3825 669 3870 eum
680 3805 836 3887 pontificio
847 3804 965 3867 muneri
975 3803 1195 3894 satisfaciendi,
1209 3810 1275 3865 tum
1286 3803 1372 3866 vobis

223 3900 316 3963 etiam
325 3902 514 3981 gratificandi
524 3903 659 3968 studium
670 3901 858 3966 euletimetie.
869 3899 964 3962 Vslde
974 3901 1036 3962 Nos
1049 3900 1189 3979 delectat,
1199 3899 1282 3982 quod
1295 3901 1372 3962 scri-

223 3997 304 4076 bitis,
316 4000 406 4062 vestri
416 4001 531 4082 egentis
545 4000 645 4066 officio
656 4007 780 4065 auctum
795 4020 814 4062 a
826 3998 912 4061 vobis
925 4015 991 4062 esse
1005 3996 1150 4062 dilectum
1161 3997 1257 4060 tilium
1266 3996 1372 4057 Domi-

223 4094 326 4158 nicum
340 4096 425 4159 Pauli
440 4116 533 4177 quem
544 4100 605 4161 Nos
623 4117 679 4160 suo
690 4098 799 4159 merito
815 4095 1152 4178 mammarumque
1165 4101 1264 4156 vestra
1279 4092 1372 4154 etiam

224 4207 430 4257 musaeumus
449 4194 645 4259 libentissime
667 4212 787 4276 semper
810 4191 976 4275 excepturi.
994 4194 1033 4257 ut
1047 4193 1096 4256 ille
1110 4211 1167 4274 pro
1185 4208 1239 4253 sua
1257 4189 1317 4252 tide
1336 4209 1372 4253 ae

224 4284 377 4368 ddigentia
389 4297 521 4354 vestram
529 4309 601 4372 erga
610 4292 672 4354 Nos
682 4310 718 4354 ao
731 4290 927 4372 apostolicam
940 4289 1020 4353 banc
1029 4288 1136 4352 &sem
1147 4287 1371 4350 observantiam

225 4383 459 4450 luculentissime
474 4388 561 4450 nobis
572 4388 752 4468 declaravit,
768 4388 810 4451 ita
822 4393 981 4468 paternam
995 4391 1130 4448 nostram
1143 4384 1174 4446 in
1189 4403 1243 4449 vos
1256 4385 1372 4447 carita-

226 4486 289 4542 tem
301 4481 468 4546 testabitur.
484 4486 518 4547 ln
530 4485 619 4563 cuius
634 4484 837 4548 certissimum
851 4482 960 4567 pignus
972 4480 1168 4563 apostolicam
1182 4481 1371 4545 benedictio-

276 4602 278 4606 ⁴
1237 4591 1263 4640 a.
