3194 5354
475 525 657 580 erismae
673 522 718 577 aa
737 523 871 577 naevia
890 524 1127 581 sauacrmm.
1317 503 1380 587 'iss

227 642 303 694 'cunr
312 629 494 693 stanislaum
507 628 671 690 Provinciae
679 629 826 690 Comitem
837 636 979 710 nepotem
991 636 1088 707 tuum,
1106 648 1142 692 ac
1153 631 1378 698 dilectissimam

115 731 118 737 '
227 729 373 792 itidemin
388 728 505 790 Christo
516 726 611 789 tiliam
622 734 770 803 nostram,
783 727 910 790 Mariam
922 728 1084 809 Josepham
1097 726 1241 810 Aloysarn
1254 738 1377 812 neptem
1449 733 1453 743 '

226 828 372 892 carissimi
394 828 426 890 in
449 825 565 890 Christo
586 825 640 888 filii
662 827 755 889 nostri
780 827 878 890 Caroli
897 828 1104 890 Emmanuelis
1125 828 1267 891 Sardiniae
1289 833 1378 912 Regis

227 924 369 1003 illustris,
393 931 483 1005 atque
504 925 534 985 in
554 923 645 1004 hujus
665 923 774 986 letitiae
789 932 848 986 tore
863 932 1017 1006 partema
1038 932 1068 988 te
1092 926 1209 1002 vocati,
1230 944 1268 989 ea
1289 929 1377 1008 plano

222 1021 411 1101 jucunditate
430 1019 617 1097 secedimus,
637 1039 698 1101 qua
717 1023 864 1102 majorem
882 1040 990 1103 capere
1008 1027 1153 1102 paternus
1173 1022 1292 1086 animus
1303 1040 1378 1089 nos-

224 1126 280 1198 ter,
297 1136 332 1183 ac
346 1118 516 1182 uberiorem
536 1135 596 1180 non
620 1125 730 1198 potest.
753 1120 897 1180 Summus
912 1125 957 1181 est
972 1125 1075 1180 noster
1088 1135 1159 1199 erga
1179 1126 1226 1197 to,
1250 1127 1377 1203 tuosrpre
1479 1119 1484 1126 ’

223 1221 321 1302 regios
336 1235 442 1282 omnes
456 1218 566 1280 liberos
581 1235 677 1295 amor,
693 1215 911 1298 singularisque
931 1215 1046 1297 pietas,
1068 1234 1130 1296 qua
1143 1215 1289 1280 universe
1299 1211 1377 1280 Bor-

223 1316 321 1380 bonlae
336 1317 446 1380 Domni
467 1318 539 1379 lue
565 1315 664 1378 lausto
688 1332 806 1396 semper
825 1313 973 1376 aetolicis
992 1314 1095 1375 omnio
1116 1316 1231 1395 precati
1253 1308 1375 1396 smnus,

223 1416 349 1497 proinde
362 1415 437 1478 nibil
451 1415 547 1495 magis
563 1421 694 1497 patema
707 1413 779 1474 huic
798 1411 915 1474 caritati
929 1418 1040 1473 nostre
1053 1411 1190 1493 votisque
1209 1416 1376 1492 consentit,

222 1532 315 1595 quam
328 1514 456 1576 eandem
471 1513 571 1575 videre
585 1512 710 1592 Regiam
722 1513 852 1573 Domum
871 1510 956 1571 novis
969 1527 1077 1590 augere
1089 1511 1251 1591 conjugiis,
1264 1530 1301 1573 ex
1312 1513 1378 1593 qui-

223 1614 279 1675 bus
293 1612 479 1695 amplissima
491 1611 587 1694 possit
600 1629 661 1673 una
677 1628 748 1673 cum
764 1609 861 1670 insitis
880 1607 1042 1670 virtutibus
1057 1608 1193 1676 edistius
1208 1612 1300 1690 Regni
1314 1611 1379 1673 lell-

222 1712 343 1773 citatem
365 1711 483 1774 soboles
505 1707 677 1791 propagari.
699 1705 835 1769 Eandem
856 1704 894 1767 ad
908 1706 1047 1768 Ecclesiae
1063 1726 1185 1788 quoque
1203 1709 1377 1789 Sancteque

222 1808 313 1888 hujus
327 1809 412 1872 Sedis
432 1810 525 1872 decus
540 1826 576 1869 ac
590 1815 725 1868 tutamen
740 1805 901 1868 extiturarn
917 1804 1082 1867 certissime
1095 1805 1188 1866 Nobis
1201 1804 1377 1885 pollicemur·

222 1923 293 1967 cum
318 1923 355 1967 ex
383 1903 551 1983 majoribus
573 1901 650 1979 suis,
678 1921 713 1962 ac
734 1920 770 1962 ex
792 1908 822 1961 te
840 1901 906 1981 ipso
919 1901 1085 1980 presertim
1102 1902 1241 1982 exemplo
1263 1910 1377 1983 repetet

221 2002 388 2082 religionis,
405 2018 441 2064 ac
454 2003 485 2063 in
501 2002 563 2063 Nos
573 1998 695 2080 pictatis
707 1998 842 2060 illustria.
861 1999 935 2060 lure
949 1997 1040 2078 igitur
1051 2005 1086 2059 ut
1097 1999 1217 2074 letitiae,
1232 1999 1275 2060 ita
1284 1999 1376 2060 etiam

221 2100 443 2182 gratulationis,
457 2100 544 2178 cnjus
555 2098 609 2173 tibi
622 2096 756 2159 officium
771 2096 980 2177 persolvimus,
993 2099 1156 2179 plurimam
1171 2099 1202 2160 in
1216 2099 1298 2179 ipsos
1309 2115 1377 2180 pne

224 2204 285 2259 lem
306 2197 475 2259 redundare
499 2201 708 2277 cognosctnrus
725 2201 757 2255 et
778 2194 956 2274 gaudemus.
976 2196 1076 2258 Facile
1094 2195 1206 2258 idcirco
1230 2197 1285 2258 tibi
1302 2215 1377 2278 per-

221 2293 361 2374 suadeas,
376 2285 530 2358 carissime
545 2296 576 2358 in
588 2293 705 2356 Christo
722 2292 763 2354 lili
777 2300 890 2373 noster,
903 2293 1032 2357 mirifica
1044 2315 1062 2357 a
1075 2295 1168 2358 Nobis
1179 2295 1217 2357 ad
1230 2314 1299 2357 eam
1311 2314 1376 2358 rem

222 2390 321 2456 afferri
335 2395 447 2473 studia,
464 2413 570 2476 eaque,
586 2412 654 2474 quae
675 2393 852 2455 tumaxime
866 2394 982 2476 cupias,
998 2394 1147 2458 cumulari
1160 2400 1242 2472 vota,
1259 2401 1294 2455 nt
1311 2394 1377 2457 brec

220 2490 334 2553 scilicet
343 2499 447 2556 nostra
461 2499 562 2555 tecum
576 2491 746 2555 eommunis
757 2488 932 2569 jncunditas
945 2510 982 2553 ex
996 2492 1044 2554 his
1059 2491 1305 2574 auspicatissimia
1316 2491 1377 2553 ini-

221 2587 270 2649 tiis
284 2589 380 2668 magis
392 2588 497 2661 indies
509 2586 709 2668 amplificetur
720 2605 755 2648 ac
766 2595 929 2650 excrescat.
943 2589 1005 2650 Nos
1017 2608 1089 2651 sane
1097 2588 1287 2670 praeripimus
1297 2588 1377 2650 hanc

221 2702 305 2765 spem
320 2704 356 2747 ex
378 2684 625 2767 prestantissima
643 2685 822 2748 nubentium
838 2687 1074 2750 adolescentium
1089 2685 1201 2765 indole,
1216 2705 1253 2750 ex
1269 2684 1376 2748 utrius
1409 2681 1411 2685 ⁴

220 2798 280 2862 que
290 2782 389 2863 Regiae
403 2785 517 2845 Domus
532 2781 730 2863 amplitudine
745 2799 780 2844 ac
791 2781 938 2861 lortnnis,
953 2792 984 2845 et
996 2804 1033 2846 ex
1044 2790 1189 2846 renovata
1206 2784 1257 2845 illa
1270 2800 1377 2845 neces-

222 2878 360 2941 situdinis
372 2881 604 2960 coannctionc,
619 2895 712 2959 quam
734 2880 806 2939 olim
820 2897 874 2959 per
894 2880 1127 2958 gloriosissimos
1148 2881 1291 2940 Parentes
1305 2886 1373 2940 tuos

221 2975 368 3038 coaluisse
383 2992 501 3057 semper
514 2975 694 3039 laetabimnr.
710 2976 781 3047 Quae
794 2974 917 3055 quidem
931 2974 1080 3036 desideria
1093 2975 1374 3056 expectationesquc

223 3083 332 3140 nostrae
346 3079 381 3135 ut
392 3072 495 3136 divina
507 3073 691 3153 benignitate
711 3078 778 3133 rata
791 3074 868 3150 sint,
883 3072 1019 3151 ejusdcm
1034 3072 1250 3134 benedictionis
1272 3074 1375 3154 auspi-

223 3180 335 3235 cernet
349 3169 546 3257 apostolicam
560 3167 802 3232 benedictionem
813 3168 964 3248 Maiestati
980 3170 1062 3248 Ture,
1076 3169 1167 3252 regiis
1182 3170 1316 3251 sponsis,
1329 3171 1375 3232 Li·

221 3269 362 3354 beriaque
383 3270 443 3330 tuis
456 3265 598 3330 omnibus
618 3266 822 3346 universeque
836 3267 995 3330 Borboniae
1016 3268 1125 3330 Donni
1140 3267 1247 3329 intimo
1258 3268 1374 3349 potami

221 3367 321 3433 cordis
333 3387 423 3431 sensu
434 3366 639 3455 amantissime
649 3365 850 3446 impertimur.
866 3364 977 3428 Datum
992 3367 1103 3436 Romo,
1117 3373 1186 3443 etc,
1198 3367 1248 3427 dic
1265 3377 1281 3426 5
1287 3368 1375 3444 justi

224 3465 311 3546 1771,
321 3469 514 3548 pontificatus
529 3468 629 3526 nostri
638 3480 717 3524 anno
732 3466 833 3522 tertio.

740 3689 849 3760 CXLI.

564 3846 764 3890 sancrrssnn
784 3846 904 3889 nouam
927 3847 1039 3889 nosrar

313 3945 547 4018 clamantis
573 3945 721 4018 DIVlNA
747 3945 1031 4017 PROVIDENTIA
1058 3945 1182 4017 PAPAE
1207 3948 1282 4018 xlv

635 4077 961 4176 innocuam,

284 4220 401 4270 malua
422 4222 456 4269 ln
477 4222 683 4272 consistorum
703 4223 842 4271 SEGRETO
865 4223 920 4271 but
940 4223 1010 4271 XVH
1031 4222 1116 4270 JUNll
1136 4221 1309 4270 unuctxxt.

269 4333 459 4396 l'cnerobiles
469 4337 599 4399 Fratres.
615 4337 789 4418 Complures
797 4337 957 4399 Lusitaniae
968 4336 1109 4398 ecclesias
1119 4337 1371 4419 cumhodiepro-

223 4429 349 4511 pnsitlni
364 4432 458 4494 simus
471 4450 505 4495 ao
518 4435 554 4496 de
564 4435 669 4497 iisdem
683 4434 805 4495 decreta
818 4434 925 4495 tacturi
937 4451 1060 4507 ‚rernm
1074 4442 1104 4493 ct
1113 4434 1248 4496 locorum
1263 4455 1373 4516 oppor-

223 4527 352 4594 tunitate
370 4526 514 4593 admoniti
531 4552 591 4594 non
610 4550 787 4612 possumus,
803 4530 996 4591 venerabiles
1010 4532 1146 4609 Fratres,
1163 4550 1281 4594 summa
1301 4551 1370 4594 cum
