3194 5354
536 480 762 536 DOCUMENTA
783 481 902 536 VARlA.
1241 487 1293 539 sta

149 583 248 649 edicto
263 602 318 645 suo
332 582 380 644 die
401 595 437 644 so
447 584 522 661 junii
541 595 615 645 trra
630 583 702 645 dulc
716 585 907 664 vulgaverat)
921 584 977 646 sibi
1000 593 1034 646 ut
1055 585 1173 649 vicario
1191 587 1293 668 Apos-

149 680 240 743 tolico
260 698 315 759 per
335 681 395 742 Nos
416 680 583 756 concessis,
605 699 764 761 perperam
785 689 885 745 tamen
908 682 948 743 ab
962 681 1013 744 illo
1031 682 1248 764 interpretatis,
1262 691 1293 746 et

149 776 228 838 ultra
252 794 338 840 veros
351 784 502 840 consueta
521 776 780 841 somniarimus
798 777 942 855 extensis,
964 779 1084 858 statim,
1105 798 1172 860 qua
1184 788 1294 843 nostre

149 879 248 951 partes
259 880 363 951 erant,
381 873 459 935 hanc
470 874 607 952 ejusdem
624 874 776 938 licentiam
787 894 928 955 arguere,
945 882 1144 954 armarere,
1157 879 1294 959 exposite

147 967 203 1047 ipsi
219 977 322 1032 nostra
340 971 508 1047 voluntate,
530 978 561 1033 et
579 972 707 1051 praefixis
728 971 906 1035 facultatum
924 971 1035 1034 linibus
1051 973 1235 1038 curavimus.
1254 976 1293 1037 Ut

147 1073 224 1128 caet
236 1073 309 1144 tua,
322 1076 353 1129 et
364 1069 520 1133 Catholicis
532 1069 679 1148 Maiestati
691 1069 794 1133 relerri
807 1075 945 1150 possent,
957 1087 993 1131 ac
1007 1069 1081 1131 item
1099 1077 1215 1144 cetera,
1227 1089 1293 1151 que

146 1163 289 1247 deinceps
300 1175 465 1232 consecuta
475 1174 562 1245 sunt,
574 1167 711 1231 omnium
725 1167 869 1231 certiores
879 1166 943 1229 lieri
959 1167 1110 1231 voluimus
1118 1176 1182 1231 tam
1197 1170 1292 1231 Vene-

146 1261 273 1326 rabilem
296 1266 432 1327 Fratrem
452 1265 596 1327 Nostrum
615 1263 799 1327 cardinalem
814 1262 853 1326 de
869 1263 974 1325 Beroia
993 1271 1080 1326 tuum
1101 1264 1294 1346 Plenipoten-

147 1359 268 1425 mum
278 1363 359 1443 apud
366 1365 427 1427 Noe
436 1364 656 1440 administrum,
667 1381 761 1444 quam
769 1361 919 1425 Dilectum
927 1353 1034 1425 Filium
1043 1362 1182 1426 Nobilem
1188 1362 1293 1427 Virum

147 1458 260 1522 Ducem
274 1461 492 1543 Hieronymum
505 1461 649 1524 Grimaldi
665 1459 879 1542 llispaniarmn
898 1466 1066 1538 oratorem,
1078 1466 1293 1542 perspicueque

147 1559 220 1633 ipris
234 1577 338 1622 recem
351 1568 466 1625 uestros
478 1564 652 1638 nummus
670 1561 763 1636 plone
773 1557 952 1629 ubuueater,
964 1558 1220 1639 improbatumque
1235 1562 1294 1621 illo

39 1727 46 1736 ι
149 1654 307 1715 Matienus
328 1664 413 1727 acta,
432 1675 498 1735 qun
520 1657 700 1735 Apostolicia
718 1655 779 1733 sel.
806 1673 867 1719 rec.
890 1655 1052 1720 cremeris
1072 1656 1149 1718 XIV
1170 1657 1294 1719 Proede·

146 1755 271 1811 cessoris
293 1757 390 1812 nostri
410 1758 443 1815 in
461 1752 568 1829 sormc
592 1754 698 1814 Breuis
727 1754 839 1814 litteris
857 1754 908 1814 die
928 1764 961 1815 nt
987 1755 1068 1817 lutis·
1094 1764 1187 1828 ttttl,
1211 1755 1293 1816 detis

146 1846 389 1909 odmscrectur.
412 1849 488 1910 Cum
505 1849 647 1930 deinceps
667 1847 888 1911 admonitiones
908 1857 1027 1911 nostras
1049 1849 1124 1912 nihil
1147 1849 1293 1930 prolicere

146 1943 226 2022 apud
240 1963 310 2006 eum
324 1945 507 2026 Episcopum
521 1945 705 2023 videremus,
724 1951 919 2007 excusantem
931 1946 1073 2008 nimirum
1087 1966 1136 2024 se,
1158 1948 1240 2027 quod
1254 1948 1292 2010 ad

146 2041 390 2103 retractationem
399 2042 493 2119 illam,
503 2061 596 2122 quam
605 2043 644 2104 ab
653 2042 719 2124 ipso
731 2041 940 2122 engelramus,
954 2042 1096 2105 devenire
1105 2061 1166 2104 uon
1175 2051 1291 2123 posset,

145 2139 289 2217 quoniam
304 2158 322 2200 a
336 2159 391 2201 sua
403 2140 623 2221 impediebatur
636 2140 763 2203 Domina
782 2139 926 2202 universe
940 2139 1053 2201 Ruasiae
1066 2137 1290 2212 autocratrice,

144 2235 174 2295 iu
188 2254 221 2299 se
236 2237 434 2317 suscipiente,
444 2237 589 2320 quidquid
602 2256 620 2298 a
631 2255 702 2300 vero
721 2236 816 2299 nostri
829 2236 910 2298 illius
930 2234 1066 2316 rescripti
1080 2254 1170 2298 sensu
1190 2235 1291 2299 desci-

52 2400 55 2404 ,
144 2340 246 2406 verat;
264 2332 303 2393 ad
314 2351 384 2395 eam
402 2332 498 2414 ipsam
510 2333 645 2398 conversi
657 2340 854 2411 tumsumus,
867 2332 984 2413 illique,
997 2332 1072 2393 utin
1087 2329 1292 2415 superioribus

144 2431 288 2513 cumipse
301 2433 416 2513 eginum
428 2433 549 2511 litteris,
564 2432 607 2495 ita
621 2432 693 2495 etin
704 2432 865 2513 postremis
880 2433 990 2495 nostris
1003 2432 1051 2495 die
1068 2433 1181 2495 scilicet
1193 2435 1292 2499 unde-

143 2527 223 2589 cima
233 2529 323 2608 hujus
337 2530 448 2592 mensis
459 2530 555 2608 datis,
571 2530 654 2592 omui
667 2529 768 2592 smdio
780 2529 949 2612 patefacere
963 2530 1189 2608 contendimus,
1207 2533 1291 2595 nulla

143 2628 260 2691 ratione
274 2630 410 2710 potuisse
425 2629 607 2711 Episcopum
623 2629 798 2690 Mallensem
812 2646 917 2690 sensus
930 2627 996 2689 illos
1005 2628 1112 2705 Nobis,
1126 2628 1178 2709 qui
1195 2630 1291 2692 nostri
1374 2711 1377 2716 ,

143 2742 203 2786 non
217 2734 319 2803 erant,
331 2727 487 2808 affingere.
511 2727 569 2789 Sed
591 2726 629 2788 ad
639 2728 703 2790 Nos
714 2744 806 2808 porro
827 2725 934 2788 delata
949 2744 1054 2805 graves
1069 2732 1141 2788 sunt
1157 2725 1291 2804 ejusdem

142 2821 245 2899 mine,
265 2822 376 2900 quibus
387 2825 573 2903 privaturam
587 2842 620 2884 se
631 2841 699 2887 esse
712 2823 868 2885 uniuersos
887 2823 1001 2884 Russire
1021 2821 1190 2884 Catholicos
1207 2821 1291 2901 regio

142 2918 310 2998 patrocinio
318 2937 374 2982 suo
383 2919 601 2996 denunciabat,
616 2919 641 2980 si
652 2921 714 2980 Nos
728 2918 902 2981 Maliensem
916 2917 1100 3011 Episcopum
1113 2915 1290 3004 Arcbiepis-

143 3022 270 3096 copetus
288 3014 396 3092 titulo,
420 3022 452 3077 et
472 3015 556 3077 Pallii
576 3015 691 3078 honore
709 3016 853 3078 decorare
871 3014 1108 3092 distulissemus,
1127 3013 1186 3076 uisi
1207 3012 1291 3094 prius

144 3113 193 3175 ille
202 3112 307 3189 Nobis,
315 3119 406 3193 prout
415 3113 684 3193 postulaveramus,
694 3110 898 3177 satislecisset.
908 3110 986 3172 llinc
996 3109 1167 3174 necessario
1174 3109 1288 3173 inducti

144 3209 294 3289 religione
301 3209 394 3290 ipsius
403 3228 514 3286 causa,
526 3215 632 3272 actam
641 3216 725 3271 certo
734 3207 904 3271 animarum
914 3206 1065 3290 periculo,
1074 3205 1183 3287 quibus
1194 3206 1293 3270 tombs

143 3314 221 3370 anet
239 3307 270 3371 iu
285 3306 467 3387 apostasiam
479 3306 648 3388 prolapsio,
663 3306 815 3371 remittere
827 3325 951 3388 prorsus
962 3313 1028 3369 tam
1037 3306 1135 3390 ipsam
1149 3306 1290 3370 satislac-
1381 3346 1384 3350 Δ

144 3407 274 3483 tionem,
288 3425 381 3486 quam
396 3407 563 3471 ablallensi
588 3406 784 3488 petebamus,
808 3424 963 3489 quamque
982 3407 1031 3470 ille
1053 3407 1127 3469 dare
1145 3404 1289 3487 prohibe-

143 3503 244 3579 batur,
258 3504 435 3581 debuimus3
449 3504 480 3567 in
494 3523 556 3584 uno
565 3504 639 3567 illud
648 3504 901 3582 existimavimus,
912 3504 985 3568 satis
994 3503 1201 3567 remissionem
1211 3503 1290 3581 banc

143 3601 235 3663 Nobis
246 3602 363 3682 pensari
372 3601 554 3665 comoientia
565 3601 1024 3683 nostra,bonaqueiide,quam
1034 3620 1139 3663 coram
1148 3600 1289 3662 omnibus

144 3698 182 3760 ad
197 3699 287 3778 hujus
299 3699 450 3763 cathedra
459 3698 606 3761 tuendum
618 3699 728 3776 decus,
739 3700 863 3779 ejusque
875 3699 1065 3761 decretorum
1077 3698 1289 3762 anctoritatem

143 3796 348 3860 sustinendam
363 3797 491 3877 probare
505 3797 566 3859 Nos
577 3815 665 3878 posse
679 3796 777 3859 eidem
789 3797 974 3877 lmperatrici
992 3797 1023 3859 in
1038 3796 1073 3857 iis
1087 3795 1197 3859 litteris
1214 3814 1289 3859 nos-

143 3893 197 3953 tris
220 3901 324 3972 aperte
343 3893 575 3957 declaravimus.
593 3896 636 3956 Ex
649 3894 760 3974 quibus
781 3891 862 3957 certe
881 3894 1020 3956 dubitare
1034 3912 1096 3976 non
1110 3912 1287 3975 possumus,

142 3988 215 4066 quin
227 4008 406 4068 persuasum
421 3990 504 4053 vobis
517 3991 665 4070 planeque
680 3997 872 4071 perspectum
885 3989 940 4067 sit,
955 4007 1049 4070 quam
1060 3988 1290 4068 invitis,quam·
1380 4070 1383 4076 .

143 4105 202 4165 que
216 4087 281 4167 ipsu
294 4088 469 4150 necessitate
486 4088 638 4150 obstrictis
656 4087 876 4149 deveniendum
890 4087 983 4150 Nobis
1001 4088 1094 4151 etiam
1107 4085 1146 4148 sit
1160 4085 1199 4148 ad
1220 4103 1289 4149 me·

143 4191 278 4247 moratos
292 4185 657 4265 etllrchiepiscopatuset
676 4185 760 4246 Pallii
781 4185 911 4247 bonores
931 4183 1065 4246 ldallensi
1080 4179 1286 4244 conterendos.
1333 4241 1335 4244 ,

144 4282 243 4345 Nihilo
253 4290 354 4344 tamen
367 4280 465 4343 minus
476 4328 483 4351 ‚
496 4282 680 4362 utpristiuos
691 4282 838 4359 Majestati
851 4284 921 4343 Tua
935 4298 1041 4342 sensns
1055 4285 1173 4340 nostros
1190 4270 1289 4340 adbuc

143 4377 239 4456 magis
259 4377 489 4453 confirmemus,
510 4377 673 4456 presertim
692 4394 763 4437 cum
779 4375 932 4437 uideamus
956 4382 984 4436 tc
1002 4374 1088 4436 ualde
1108 4392 1236 4456 cupere,
1256 4382 1289 4436 ut

143 4470 224 4534 burro
248 4474 276 4534 iu
303 4473 427 4534 modum
448 4473 546 4535 omnis
569 4474 687 4554 sinistra
711 4474 859 4554 suspicio,
881 4476 905 4535 si
930 4493 991 4554 qua
1010 4474 1079 4536 inde
1100 4474 1129 4536 iu
1151 4474 1288 4554 ignarum
