3194 5354
382 474 566 532 EPlSTOLAE
585 477 629 531 ET
648 477 780 534 naevia
798 475 1028 535 SELEOE‘IORA.
1227 490 1276 543 189

136 575 165 642 iu
180 579 238 640 bac
249 579 464 658 jucundissima
479 582 658 661 cogitatione
672 599 824 658 essemus,
841 588 871 642 et
885 601 995 644 novam
1007 585 1084 645 lrauc
1103 589 1276 666 preclaram

135 677 254 738 laudern
268 677 418 738 Borbonio
430 678 559 755 nomini,
575 697 611 739 ac
622 679 784 758 praesertim
798 679 951 741 carissimo
966 681 995 741 iu
1009 681 1124 744 Christo
1141 685 1202 747 lilio
1215 689 1278 747 Lu-

135 776 242 836 dovico
264 777 447 837 Francorum
471 776 532 855 regi
554 776 804 838 christianissimo
823 777 967 838 accedere
985 780 1164 858 lateremur,
1180 783 1227 844 ille
1240 802 1276 843 ex

136 873 280 953 Hispania
290 873 417 934 nuncius
428 862 588 954 paternum
600 873 734 936 animum
746 881 883 935 nostrum
892 873 930 935 ad
941 875 1031 936 aliem
1040 877 1195 938 Borboniae
1205 879 1277 940 item

134 970 230 1049 geutis
240 970 423 1049 felicitatem,
432 978 463 1033 et
473 967 657 1033 uberrimam
665 968 758 1034 Nobis
768 970 837 1034 inde
846 967 1058 1053 'perfruendam
1067 972 1198 1034 letitiam
1207 994 1277 1036 eon·

136 1066 233 1127 vertit.
254 1068 395 1129 Summas
417 1072 508 1147 atque
526 1067 712 1132 immortales
730 1068 882 1149 extemplo
894 1087 999 1149 regum
1013 1069 1097 1148 Regi,
1119 1088 1155 1129 ac
1166 1088 1278 1150 regno-

135 1182 203 1224 rum
218 1163 350 1244 largitori
360 1172 391 1226 ot
403 1165 606 1227 conservatori
619 1168 681 1226 Deo
694 1165 805 1244 gratias
816 1165 1025 1246 persolvimus,
1037 1166 1124 1243 cujus
1135 1166 1276 1246 singulari

133 1267 164 1322 et
178 1262 389 1323 communibus
413 1262 626 1342 votisljamdiu
645 1263 805 1343 implorato
822 1263 967 1324 beneficio
985 1263 1202 1344 pulcherrimas
1222 1266 1277 1327 bas

133 1357 234 1436 gaudii
248 1376 357 1421 causas
367 1357 459 1420 Nobis
473 1377 538 1421 esse
552 1358 641 1420 datas
655 1358 801 1420 videmus.
819 1361 915 1432 Quam
933 1361 1034 1421 multe
1045 1360 1125 1421 enirn
1144 1360 1275 1437 luerunt,

131 1472 223 1534 quarn
236 1455 361 1518 assidue
374 1461 482 1516 nostre
495 1461 526 1515 et
539 1453 680 1515 catholici
694 1455 772 1533 regis
781 1461 944 1534 propterea·
954 1454 1026 1515 luae
1040 1454 1079 1515 ad
1092 1457 1187 1517 Deum
1204 1453 1277 1537 prc-

134 1569 184 1613 ces
201 1574 209 1613 τ
228 1551 778 1632 quaevoteetinHispaniaeregnis,et
791 1551 922 1630 inhujus
938 1552 1021 1613 urbis
1038 1559 1147 1615 nostre
1158 1555 1276 1634 templis

132 1652 291 1729 suscepta!
305 1652 366 1712 Nos
375 1649 565 1731 potissimum
576 1655 712 1709 nostram
724 1648 802 1710 banc
814 1650 992 1710 Sanctorum
1003 1650 1168 1712 Duodecim
1180 1655 1276 1733 Apos-

133 1747 265 1808 tolorum
277 1747 432 1808 basilicam
444 1746 521 1807 sesto
535 1746 614 1807 beati
626 1745 748 1825 Josephi
767 1765 785 1807 a
803 1747 964 1827 Cupertiuo
975 1748 1041 1826 die,
1057 1762 1149 1830 quem
1168 1753 1275 1814 natalis

131 1843 292 1922 pueri‘dies
303 1844 404 1906 statim
419 1850 464 1905 est
475 1850 672 1920 consecutus,
688 1842 852 1921 adirimus,
865 1844 966 1925 ibique
978 1864 995 1907 a
1008 1844 1170 1926 Serapbieo
1186 1849 1274 1910 Patre

131 1940 220 2002 beato
231 1941 401 2015 Francisco‚
420 1958 569 2020 unaquea
582 1941 672 2002 beato
689 1940 840 2020 losepbo,
851 1958 981 2020 quorum
992 1959 1121 2021 presens
1131 1942 1204 2023 erga
1215 1944 1275 2005 Nos
1359 1936 1362 1941 ’

131 2038 212 2118 apud
221 2040 316 2098 Deum
330 2035 530 2117 patrocinium
539 2053 659 2116 semper
668 2035 781 2115 experti
797 2053 913 2113 sumus,
927 2043 960 2098 ut
972 2036 1077 2099 adesse
1086 2038 1180 2099 Nobis
1191 2045 1274 2101 tanta

130 2135 162 2195 in
185 2152 219 2195 re
230 2135 368 2213 pellent,
382 2133 468 2195 enixe
492 2132 707 2212 flagitavimos3
719 2132 821 2212 eisque
834 2133 1023 2213 porroopie
1034 2134 1127 2196 Nobis
1139 2135 1274 2214 prestita

129 2247 280 2291 memores
292 2248 363 2293 curm
374 2229 468 2290 festus
478 2229 556 2290 beati
571 2227 723 2289 Francisci
741 2233 877 2306 ngeretm
895 2227 977 2305 dies,
992 2229 1194 2309 inSeraphica
1208 2232 1274 2309 ejus

129 2327 262 2388 nominis
274 2335 363 2408 atque
383 2327 496 2389 ordinis
507 2326 650 2403 Basilica,
664 2343 835 2406 magnaque
854 2324 1011 2388 bominum
1024 2325 1192 2407 irequertia
1207 2345 1274 2406 gre*-

130 2424 279 2486 tissimum
305 2424 439 2486 animum
463 2430 599 2485 nostrum
627 2424 806 2504 publicent
830 2424 1005 2502 debuimus,
1032 2427 1130 2487 testati
1155 2446 1273 2488 snmus.-

41 2566 45 2571 -
129 2523 234 2595 Quem·
246 2521 336 2600 igitar
350 2523 428 2582 Deus
444 2520 582 2601 Optimus
596 2520 745 2583 Maximus
759 2520 928 2600 impertitus
945 2519 1038 2582 Nobis
1051 2528 1097 2583 est
1107 2525 1274 2602 etquesllo'-

129 2618 227 2679 elesire
236 2617 465 2680 dilectissimum
483 2616 513 2678 iu
527 2615 644 2679 Christo
661 2617 774 2694 filium,
787 2618 849 2698 regi
860 2624 1015 2699 nepotem,
1028 2619 1275 2700 lliapauieadeli-⁴
1362 2675 1364 2679 ,

128 2713 208 2790 cias,
224 2731 520 2796 aespemmansurae
539 2713 707 2793 felicitatis,
726 2714 856 2777 eundem
876 2722 1043 2779 servarent
1067 2718 1185 2779 salvum
1200 2718 1276 2780 item

127 2829 162 2871 ac
172 2811 354 2872 incolumem
365 2812 448 2887 velit,
463 2817 552 2889 atque
562 2810 594 2872 in
605 2811 655 2872 illo
668 2812 811 2889 avitoe,et
822 2817 953 2891 paternae
962 2812 1101 2892 pietatis,
1111 2814 1271 2893 equitatis,

128 2908 313 2984 clementie,
342 2913 579 2986 ceterarumque
601 2907 752 2985 regiarum
780 2908 926 2969 virtutum
949 2911 1085 2988 exempla
1107 2923 1270 2989 renovare,

127 3005 251 3067 omnino
263 3003 530 3066 confidimnsllos
539 3009 638 3079 certe,
657 3010 805 3082 quantum
821 3003 922 3068 studio
936 3010 966 3064 et
983 3004 1136 3083 pontificia
1146 3007 1272 3068 caritate

126 3103 239 3164 conniti
260 3101 489 3164 etconteudere
505 3117 684 3182 possumus,
706 3105 739 3160 ut
760 3097 911 3161 maximus
932 3096 982 3158 bic
1002 3100 1142 3161 cumulus
1154 3100 1271 3164 ‘divinis

124 3200 277 3263 beneficiis
290 3199 338 3278 adj
343 3205 482 3278 ungatur,
494 3194 684 3278 deprecando
704 3193 949 3274 obsecrandoque
963 3195 1182 3273 prestabimus.
1205 3200 1270 3272 Qua

124 3302 247 3378 propter
257 3299 320 3358 beo
338 3294 540 3376 omnipotenti
563 3291 812 3355 commendamus
825 3291 977 3372 egregiam
988 3307 1115 3372 puerum
1131 3295 1270 3361 carolum

125 3395 310 3455 Clementem
322 3411 341 3454 e
355 3391 447 3454 Nobis
463 3409 531 3455 una
550 3407 635 3452 enm:
646 3389 795 3451 catholico
806 3405 875 3467 rege
895 3388 1026 3457 insecta
1039 3393 1276 3470 regenaratione:

124 3497 313 3571 susceptum,
342 3495 432 3569 atque
459 3487 573 3550 idcirco
596 3493 752 3566 tamquam
777 3502 890 3548 novum
910 3490 1001 3566 atque
1022 3487 1137 3551 illustre
1157 3492 1267 3553 summi

124 3587 200 3648 iuter
210 3589 271 3648 Nos
280 3585 393 3648 amoris
407 3603 443 3647 ac
458 3582 687 3646 necessitudinis
698 3583 806 3663 pignus
826 3582 961 3644 laturum
978 3607 985 3645 :
1000 3575 1180 3647 beatissimo
1196 3587 1276 3652 item¹

123 3686 229 3760 Petro,
244 3684 332 3762 eujus
346 3682 544 3764 apostolicam
558 3680 735 3760 dignitatem
753 3680 783 3742 in
797 3679 972 3742 infirmitate
989 3687 1091 3741 nostra
1105 3682 1268 3757 retinemus

123 3781 231 3860 cuique
252 3781 365 3842 idcireo
395 3780 494 3842 studia
515 3780 623 3842 Nostra
653 3776 862 3865 acceptissima
883 3776 949 3853 lore
967 3778 1095 3856 scimus,
1110 3780 1276 3847 ..tuendum

121 3877 251 3938 eundem
270 3884 300 3939 et
312 3876 556 3940 ,custodiendum
580 3873 859 3954 commonetque
881 3873 944 3936 bec
959 3875 1058 3953 vobis,
1075 3864 1267 3940 venerabiles

121 3976 260 4050 Fratres,
277 3974 528 4037 communicanda
540 3991 606 4035 esse
622 3972 777 4049 duximus,
793 3979 826 4034 ut
837 3992 892 4053 pro
908 3991 961 4052 aa,
980 3993 1073 4055 quarn
1087 3975 1117 4036 in
1132 3977 1265 4037 Ecclesia

122 4070 240 4132 bebetis
251 4076 356 4150 parte,
370 4077 441 4137 rota
452 4076 552 4134 vestra
572 4069 730 4131 nobiscum
748 4070 954 4150 conjungetis,
970 4078 1000 4131 et
1018 4072 1146 4152 publicis
1157 4072 1264 4134 laetitie

122 4166 389 4243 significationibus
397 4168 560 4231 declaretis
574 4167 744 4230 animorum
765 4176 932 4232 vestrorum
950 4189 1055 4232 sensus
1070 4169 1100 4230 in
1120 4168 1166 4229 his
1177 4168 1265 4246 laue-

120 4263 241 4325 tissimis
260 4263 347 4343 regie
365 4263 521 4327 Catholicae
535 4267 648 4326 Domus
668 4266 873 4344 incrementis,
887 4271 924 4329 iu
942 4268 1052 4347 quibus
1070 4267 1202 4329 maxima
1218 4269 1264 4331 rei

121 4359 288 4419 clrristiame
296 4404 303 4436 ,
321 4365 410 4438 atque
421 4361 509 4440 bujus
529 4361 705 4441 llpostolicae
717 4364 800 4424 Sedis
813 4365 944 4445 praesidia
958 4370 989 4424 et
1001 4373 1177 4427 ornamenta
1191 4384 1262 4427 con·

120 4457 205 4519 lineri
221 4456 409 4536 cognoscitis.

601 4544 776 4559 m—
