3194 5354
469 505 649 559 EPlSl'OLAE
669 504 713 559 ΕΤ
731 505 866 560 BllEVlA
885 506 1119 562 SELECTlORll.
1335 511 1363 560 lt

223 609 399 672 s'errerabilis
419 607 527 685 frater,
546 608 668 670 animati
683 627 805 687 sumus,
829 615 863 672 ut
884 609 957 671 nibil
971 609 1129 689 cupiamus
1151 610 1261 688 magis,
1273 627 1366 688 quam

227 709 359 789 aliquam
381 707 562 788 suppeditari
576 707 669 769 Nobis
688 707 943 790 opportunitatem
956 704 1128 769 declarandi
1145 705 1200 766 tibi
1218 706 1367 786 quantita

224 805 381 883 faciamus,
393 821 486 884 qnam
499 805 641 885 praeclare
655 804 693 866 de
703 811 746 882 te,
757 804 795 866 de
805 805 949 886 pastorali
963 804 1072 866 virtute
1086 809 1150 881 tna,
1165 802 1263 883 deque
1275 803 1368 864 obse-

225 903 419 983 quentissima
429 901 458 962 in
470 903 666 983 apostolicam
675 902 776 964 sedem
790 902 944 965 voluntate
957 901 1133 964 sentiamus.
1148 896 1270 962 Interim
1282 918 1368 981 apos

223 1000 344 1061 tolieam
359 999 597 1061 benedictionem
609 999 675 1076 tibi,
690 1007 807 1079 tuaeque
819 998 888 1060 fidei
902 1000 1064 1061 commisso
1078 998 1191 1079 populo
1205 1015 1368 1078 peraman-

224 1107 270 1160 ter
285 1099 484 1180 impertimur.
500 1101 611 1160 Datum
625 1100 743 1169 Rome,
760 1106 831 1167 ete„
851 1099 902 1160 dte
917 1109 952 1161 tt
966 1100 1046 1174 juttt
1069 1108 1161 1173 1769,
1179 1098 1368 1176 pontafiectus

223 1201 319 1258 nostri
331 1215 413 1258 nano
427 1201 533 1275 primo.

708 1308 887 1318 μ..

758 1400 832 1469 Xll.

564 1607 567 1613 ,
666 1565 810 1607 DlLBC‘ssS
832 1565 925 1607 malls

498 1670 717 1731 DUUMVIRIS
738 1672 786 1730 ET
807 1671 1090 1733 DECURIONIBUS

430 1792 560 1840 orrrnr
585 1793 727 1842 uosrnr
754 1795 886 1844 sanem
914 1795 1158 1853 incurrenti

530 1904 764 1986 CLEMENS
793 1911 919 1986 PAPA
948 1908 1054 1985 XIV.

1011 2077 1106 2136 noma,
1121 2082 1147 2122 as
1155 2073 1208 2137 latit
1224 2078 1289 2122 nea.

262 2179 386 2249 Dilecti,
402 2186 460 2240 etc.
486 2179 603 2243 Litterae
626 2189 731 2243 vestrae
751 2183 904 2262 obsepti,
922 2183 1007 2258 fidei,
1028 2201 1063 2243 ac
1077 2179 1275 2242 observanda
1298 2197 1369 2258 erga

223 2277 283 2337 Nos
296 2274 561 2355 significationibus
581 2278 773 2359 plenissime,
797 2278 906 2359 quibus
929 2278 966 2339 de
993 2277 1146 2358 pontificia
1166 2275 1310 2354 dignitate
1329 2275 1369 2336 ad

222 2374 282 2434 Nos
303 2372 402 2434 delata
426 2373 591 2434 luculenter
608 2374 749 2453 grstrrlati
775 2373 866 2451 estis,
888 2374 1114 2454 jucundissime
1134 2374 1226 2436 Nobis
1247 2373 1368 2435 accide-

223 2479 303 2533 runt.
324 2474 357 2533 ln
376 2473 554 2535 memoriam
565 2472 648 2535 euim
668 2480 810 2536 revocant
827 2479 957 2535 veterem
971 2471 1108 2533 onmium
1130 2478 1272 2548 vestrum,
1291 2471 1368 2532 inter

222 2587 298 2647 quos
315 2570 379 2630 nati
404 2588 525 2648 sumus,
549 2571 723 2652 preclaram
746 2570 777 2631 in
798 2572 859 2632 Nos
881 2570 1068 2632 voluntatem
1089 2576 1179 2649 ablue
1201 2568 1308 2629 merita
1329 2568 1367 2629 ab

223 2668 288 2747 ipso
310 2685 385 2747 pene
405 2674 474 2729 ortu
497 2674 542 2730 tot
562 2667 859 2748 iudiciisperspecta,
874 2667 1035 2748 exquibus
1062 2684 1144 2729 nunc
1156 2674 1187 2728 et
1199 2663 1367 2728 vestrorum

223 2764 253 2826 iu
267 2766 329 2826 Nos
341 2765 509 2827 studiorum
521 2771 677 2845 tamquam
688 2763 818 2845 effigiem
830 2764 993 2842 intuemur,
1004 2772 1035 2826 et
1043 2765 1151 2828 letitie
1160 2772 1263 2827 nostra
1276 2784 1367 2828 causa

224 2883 241 2922 a
254 2862 339 2924 vobis
351 2871 499 2943 perceptae
510 2862 747 2942 magnitudinem
759 2869 977 2941 cognoscimus.
993 2863 1144 2925 Gaudium
1160 2863 1219 2924 boc
1233 2870 1367 2929 vestrum

225 2960 316 3019 etiam
325 2959 424 3020 dilecti
437 2960 489 3019 tilii
501 2961 633 3020 loannes
645 2956 727 3017 Felix
738 2958 917 3019 Garatonius
927 2966 957 3018 et
967 2959 1126 3034 Cajetanus
1134 2958 1278 3019 Marinius
1287 2960 1367 3019 cives

224 3055 325 3129 vestri,
340 3072 498 3134 quoscum
510 3053 616 3113 litteris
625 3052 663 3112 ad
674 3053 734 3112 Nos
745 3051 882 3130 delegare
895 3053 1030 3112 voluistis
1042 3052 1285 3113 luculentissimis
1297 3054 1367 3114 oili-

223 3152 277 3213 ciis
297 3159 327 3212 et
346 3152 479 3232 ipsorum
500 3151 603 3212 itidem
625 3167 716 3211 causa
734 3148 821 3210 nobis
845 3149 1060 3230 acceptissimis
1074 3149 1272 3230 explicarunt.
1288 3154 1368 3215 Gra-

223 3251 338 3312 tissimo
361 3250 450 3329 igitur
470 3250 572 3311 animo
585 3249 649 3309 baec
662 3249 767 3327 patriae
786 3254 895 3310 nostrae
916 3267 1008 3329 quam
1026 3267 1106 3309 nunc
1130 3255 1164 3308 nt
1181 3248 1367 3314 carissimam

223 3349 315 3410 tiliam
328 3347 568 3428 complectimur,
580 3345 701 3427 pietatis
711 3346 742 3407 in
754 3348 815 3407 Nos
824 3346 996 3408 mamonis
1007 3353 1132 3427 excepta
1143 3346 1234 3409 luisse
1248 3350 1369 3428 prolite-

222 3454 331 3522 temnr,
351 3444 495 3524 vobisque
512 3443 640 3504 invicem
663 3441 845 3522 spondemus
864 3443 1047 3524 peculiarem
1069 3463 1187 3526 semper
1210 3453 1368 3525 paternam

222 3551 356 3605 nostram
376 3561 448 3621 erga
467 3561 521 3603 vos
539 3560 645 3621 resque
662 3546 775 3602 vestras
789 3540 1029 3604 benevolentiam
1047 3543 1192 3620 suturam,
1217 3543 1255 3604 ad
1275 3564 1367 3623 quam

222 3641 306 3702 robis
327 3640 426 3720 reipsa
441 3638 562 3700 uberius
580 3637 748 3698 testandam
763 3637 907 3717 dignitate
926 3647 1028 3701 nostra
1042 3640 1216 3701 facultatem
1235 3642 1369 3721 amplifi-

222 3747 321 3801 catam
334 3757 400 3800 esse
415 3755 596 3818 magnopere
620 3737 777 3797 laetamur.'
789 3739 850 3798 Vos
869 3738 990 3799 interim
1011 3739 1182 3819 preclarius
1200 3738 1230 3798 in
1250 3739 1315 3800 dies
1331 3740 1368 3801 do

221 3838 312 3899 Nobis
326 3836 486 3899 merituros
500 3835 690 3913 confidimus,
709 3835 790 3916 quod
810 3837 940 3897 maxime
961 3837 1093 3898 facturos
1114 3856 1168 3898 vos
1183 3855 1247 3898 esse
1263 3838 1364 3899 existi-

220 3941 319 4013 mate,
340 3935 363 3996 si
378 3937 475 3995 Deum
488 3935 557 4014 Opt.
572 3934 652 3995 blax.
668 3952 724 4013 pro
739 3939 841 3994 nostra
853 3933 1058 3995 imbecillitate
1076 3935 1106 3995 in
1123 3933 1299 4015 gravissimo
1313 3955 1367 4015 ge-

220 4032 313 4094 rendo
334 4049 474 4108 munere,
498 4030 547 4091 cui
567 4030 697 4110 impares
719 4029 842 4092 omnino
865 4049 986 4108 sumus,
1005 4031 1112 4093 divinis
1131 4031 1276 4112 praesidiis
1301 4050 1367 4094 mu-

221 4129 329 4191 nienda
352 4128 470 4190 assidue
494 4127 646 4209 deprecari
667 4146 727 4189 uon
742 4127 954 4191 intermittatis.
975 4132 1101 4192 Domum
1122 4128 1321 4190 certissimum
1336 4125 1366 4192 in

221 4244 273 4287 vos
290 4226 423 4288 caritatis
448 4225 555 4306 pignus
574 4226 771 4307 apostolicam
789 4226 1028 4294 benedictionem
1050 4227 1151 4303 vobis,
1177 4226 1276 4288 dilecti
1294 4228 1346 4302 tilii
1356 4276 1364 4307 ‚

223 4323 625 4404 peramanterimpertimnr.
639 4326 750 4386 Datum
767 4326 879 4401 Romoe,
892 4332 960 4400 etc,
977 4329 1025 4388 atie
1042 4335 1075 4384 15
1089 4326 1167 4400 jetti
1188 4334 1275 4403 1769,
1285 4344 1366 4406 poc-

225 4421 356 4499 tistcatus
370 4427 464 4484 nostri
475 4442 553 4484 aceo
560 4428 670 4501 primo.
700 4502 703 4507 1

703 4537 886 4549 μ*
