3194 5354
644 455 847 510 cllnlttn'tts
866 449 929 507 ΧΠ

733 652 850 720 culn.

463 818 641 861 CARISSIMAE
665 820 698 859 ln
722 817 853 859 ernusto
876 816 971 858 1³11·OE
993 817 1117 859 NOSTRAE

262 928 398 988 Mamm
420 925 623 987 THERESIAE
643 926 859 986 HUNGARIAE
879 926 1033 985 REGINAE
1053 917 1318 996 APOSTOLICAE‚

488 1052 612 1099 NECNON
627 1051 778 1099 BOHEMIAE
793 1051 917 1099 nmine
933 1051 1090 1109 latusim,

401 1158 432 1204 nt
448 1156 646 1204 noumonuu
661 1154 896 1204 meunmtlceu
912 1154 1038 1203 ELEGTAE
1055 1154 1177 1212 VlDUAE‚

501 1259 761 1337 CLEMENS
796 1261 929 1336 PAPA
957 1258 1072 1335 XIV.

962 1427 1059 1486 llomae,
1076 1429 1105 1474 te
1116 1425 1220 1486 januarii
1233 1422 1300 1474 1771.

260 1534 437 1601 Carissimo,
452 1538 507 1592 etc.
530 1529 576 1590 lld
591 1530 796 1611 Apostolicam
812 1531 997 1610 Maiestatem
1006 1531 1104 1592 Tuom
1117 1530 1228 1593 deleret
1239 1531 1366 1594 dilectus

219 1628 298 1690 lilius
314 1633 415 1689 noster
428 1626 575 1689 Antonius
593 1628 743 1707 Eugenius
763 1631 793 1689 S.
807 1629 844 1689 R.
860 1630 895 1688 E.
912 1626 1074 1689 Cardinalis
1086 1627 1260 1690 vicecomes
1274 1629 1366 1691 hasce

220 1725 333 1787 litteras
344 1741 404 1784 uua
417 1741 487 1784 cum
498 1723 685 1785 allocutione
704 1725 783 1807 typis
799 1725 894 1796 edita,
910 1743 1002 1806 quom
1014 1725 1044 1786 in
1058 1724 1232 1786 consistorio
1245 1735 1365 1786 secreto

220 1817 268 1880 die
287 1816 368 1880 xvn
383 1819 472 1897 hujus
494 1818 604 1880 mensis
618 1820 657 1880 ed
674 1822 738 1881 VV.
760 1817 816 1882 FF.
832 1827 951 1883 nostros
970 1821 1001 1881 S.
1016 1821 1053 1881 R.
1068 1823 1106 1881 Ε.
1121 1818 1289 1882 Caulinales
1303 1820 1365 1883 lta-

220 1915 350 1980 buimus.
371 1920 415 1978 Ex
434 1935 470 1978 ea
483 1917 569 1979 focile
583 1919 737 2000 intelliget,
757 1927 870 2001 quanto
886 1917 984 1981 allecti
1000 1919 1110 1999 gaudio
1126 1917 1220 1982 simus
1235 1918 1275 1982 ob
1292 1922 1365 2003 pul-

220 2017 402 2080 cherrimum
415 2017 529 2078 iactum
545 2017 770 2079 carissimorum
787 2018 819 2079 in
838 2016 953 2079 Christo
967 2015 1097 2079 liliorum
1118 2024 1291 2079 nostrorum
1308 2020 1366 2080 Lu-

223 2111 321 2177 dovici
338 2113 501 2177 Galliarum
515 2115 603 2194 Regis
622 2112 881 2194 Christianissimi,
900 2122 930 2175 et
950 2110 1126 2176 Ferdiuandi
1147 2114 1303 2195 utriusque
1317 2109 1367 2175 Si-

220 2211 293 2276 oilie
309 2218 340 2276 et
352 2212 537 2275 Hierusalem
550 2212 639 2294 Regis
651 2213 772 2275 illustris
780 2260 789 2292 ‚
803 2232 864 2294 quo
876 2212 954 2290 Nos,
965 2231 1001 2274 ac
1012 2212 1154 2273 Sanctam
1166 2207 1246 2272 hanc
1259 2208 1365 2272 Sedem

221 2313 251 2374 iu
275 2313 431 2394 pristinam
445 2311 605 2374 Avenionis
614 2357 623 2390 ,
640 2310 804 2374 Comitatus
821 2302 1004 2387 Venaissini,
1021 2306 1199 2384 Beneventi,
1215 2314 1246 2369 et
1264 2308 1366 2369 Pontis

221 2412 307 2474 Corvi
326 2412 546 2495 possessionem
564 2412 736 2474 restituunt.
759 2411 903 2474 Latitiam
925 2408 1005 2471 hauc
1023 2412 1156 2469 nostram
1177 2400 1324 2486 majorem
1336 2398 1365 2494 in

221 2504 347 2570 modum
360 2514 470 2588 augent
479 2527 534 2570 suo
551 2508 582 2569 in
593 2508 654 2571 Nos
669 2505 768 2570 studio
787 2527 822 2571 ac
836 2505 963 2570 mirifice
977 2505 1088 2568 amoris
1100 2504 1281 2586 pietatisque
1292 2522 1366 2567 mu-

221 2604 411 2684 firmatione,
431 2605 534 2688 inqua
546 2606 639 2667 Nobis
656 2605 819 2668 deferenda
831 2603 1002 2667 carissimus
1015 2595 1088 2665 item
1100 2602 1130 2663 in
1145 2600 1265 2664 Christo
1286 2600 1365 2664 filius

222 2708 323 2766 noster
335 2702 458 2766 Carolus
472 2702 685 2784 Hispaniarum
698 2705 762 2766 Rex
772 2700 937 2766 catholicus
949 2703 1058 2766 eximie
1068 2722 1140 2766 cum
1151 2696 1210 2764 illis
1225 2698 1367 2767 societate

222 2797 423 2883 conjungitur.
442 2803 500 2864 Pro
513 2800 676 2882 Mojestatis
692 2799 762 2864 Tua
778 2803 1018 2884 perspectissime
1035 2796 1066 2865 in
1079 2804 1140 2865 Nos
1155 2802 1275 2876 auimo,
1295 2823 1368 2887 pro-

221 2915 282 2979 que
294 2916 341 2977 ea,
353 2916 414 2980 qua
427 2916 459 2960 es
470 2897 501 2960 in
514 2897 593 2959 hanc
607 2898 748 2960 Sanctam
763 2893 870 2960 Sedem
882 2897 1116 2977 necessitudine,
1131 2892 1206 2962 certi
1214 2899 1304 2981 plane
1315 2919 1369 2962 su·

222 2999 386 3077 musione,
400 2998 499 3061 uthas
517 3003 636 3060 nostras
647 2989 797 3077 gaudendi
815 3015 921 3058 causas
935 2990 988 3057 tibi
1009 3014 1201 3078 nequaquam
1220 2997 1295 3059 alias
1307 3014 1369 3060 esse

222 3095 386 3176 existimes,
408 3104 497 3180 atque
516 3093 628 3159 idcirco
651 3092 811 3173 voluimus,
827 3101 860 3156 ut
873 3091 985 3155 eedem
1000 3084 1039 3155 ad
1052 3099 1081 3154 te
1094 3112 1162 3175 quae
1183 3086 1328 3173 dignitate
1340 3101 1369 3154 et

221 3194 357 3277 potentia
364 3195 442 3257 inter
452 3190 589 3257 Ecclesia
599 3192 676 3255 lilios
687 3198 812 3273 praestas
823 3196 926 3252 nostro
934 3189 1056 3252 nomine
1065 3189 1157 3252 etiam
1168 3187 1365 3272 perlerantur.

221 3291 421 3354 Vehementer
431 3297 589 3372 optamus,
604 3298 638 3352 ut
651 3309 688 3351 ex
705 3290 765 3352 hoc
778 3286 877 3352 cilicio
889 3308 1071 3371 cognosces,
1084 3309 1151 3372 quae
1162 3295 1265 3352 nostre
1276 3280 1316 3349 sit
1327 3281 1366 3347 de

223 3394 276 3449 tua
292 3385 321 3448 in
333 3387 394 3469 Nos
406 3387 519 3467 pietate
529 3406 591 3449 non
601 3385 700 3448 minus
712 3386 841 3463 fiducia,
856 3404 948 3468 quam
961 3384 1113 3467 regiarum
1134 3392 1256 3448 tuarum
1270 3378 1366 3444 virtu-

224 3489 300 3563 tum,
310 3483 511 3565 augustaeque
518 3485 632 3544 Domus
638 3482 668 3544 in
675 3483 816 3545 Sanctam
824 3481 904 3561 hanc
913 3481 1022 3545 Sedem
1031 3476 1366 3546 meritorumexistima-

223 3573 276 3642 lio.
300 3579 386 3655 Quod
402 3577 524 3663 quidem
545 3575 636 3642 etiem
651 3599 687 3642 ex
700 3587 853 3661 postremo
866 3585 973 3643 nostro
985 3573 1181 3644 Allucutionis
1194 3583 1278 3661 parte
1294 3594 1365 3658 per-

224 3675 330 3758 spicies
338 3724 347 3756 ,
361 3673 392 3740 in
403 3674 602 3761 quaidipsum
615 3674 671 3740 etsi
684 3677 793 3756 tacito,
808 3675 889 3739 claro
901 3685 1001 3740 tamen
1011 3683 1101 3760 prout
1115 3670 1189 3740 ratio
1199 3671 1366 3755 argumenti

224 3773 287 3855 poti
300 3781 419 3855 poteret
438 3769 528 3837 animi
544 3775 575 3837 in
589 3781 618 3837 te
636 3773 731 3838 nostri
743 3774 852 3838 indicio
865 3775 1120 3838 adumbravimus.
1136 3776 1178 3838 Ac
1191 3766 1221 3835 in
1232 3765 1369 3853 singula-

224 3872 265 3934 ris
273 3878 405 3954 peteme
419 3870 550 3936 caritatis
560 3874 669 3955 pignus
677 3872 872 3955 apostolicam
883 3866 1121 3937 benedictionem
1128 3864 1275 3954 Maiestati
1285 3868 1368 3947 Tua.

224 3968 378 4033 carissima
388 3967 419 4029 in
431 3968 546 4033 fflrristo
564 3971 750 4051 alienosne,
764 3966 967 4036 amantissime
978 3972 1176 4057 impertimur.
1187 3974 1300 4036 Datum
1312 3972 1382 4032 Ito-⁴

224 4089 291 4142 mo,
300 4067 383 4150 opud
390 4070 533 4132 Sanctam
542 4073 672 4133 Martum
683 4073 837 4150 timorem,
848 4072 901 4134 aab
913 4073 1034 4137 Aureolo
1044 4069 1216 4150 moetoris,
1224 4071 1274 4133 die
1285 4070 1371 4148 teja

226 4173 327 4229 nociti
343 4175 430 4248 1174,
443 4172 635 4250 pontificatus
648 4175 742 4231 nostrl
755 4190 834 4232 anno
853 4176 968 4251 quinto.
1358 4156 1362 4163 .
