3194 5354
224 526 274 576 ine
654 508 855 566 eccilinus
873 508 939 563 xiv

222 636 287 687 ium
304 620 527 685 inscribendum
547 619 603 678 crit
623 620 653 677 S.
671 617 748 676 Petri
768 623 799 675 et
814 614 897 676 Pauli
918 620 949 674 et
966 612 1217 674 commemoratio
1237 613 1376 677 omnium

221 718 455 800 Apostolorum,
475 736 510 776 ao
525 722 586 776 tam
602 715 632 774 in
654 712 755 774 officio
768 729 861 793 qnam
874 712 905 772 in
924 710 1014 771 Misso
1031 709 1159 771 addetur
1177 711 1376 775 &mmmm-

221 816 297 877 ratio
316 815 355 875 dc
375 812 530 876 communi
548 811 781 891 Apostolorum,
797 809 847 870 dic
861 828 932 870 cero
955 821 992 870 26
1004 807 1175 870 decenbris
1195 809 1238 870 its
1253 817 1377 873 notem

222 898 332 974 festum
345 913 377 973 S.
401 909 544 991 Stephani
557 906 805 988 Protomartyris,
818 913 848 967 et
862 904 1117 968 Commemoratio
1130 905 1269 967 omnium
1284 925 1376 968 suic-

220 1016 322 1070 torum
332 1010 512 1088 Martyrum,
527 1024 563 1068 ac
574 1014 639 1066 tam
652 1006 682 1066 in
695 1004 796 1066 cilicio
807 1022 900 1084 quam
914 1003 943 1064 in
955 1003 1047 1064 Elissa
1060 1001 1199 1065 addendo
1212 1003 1272 1065 erit
1281 1005 1376 1066 Com-

220 1106 400 1168 memoratio
410 1103 610 1167 decommuni
621 1102 821 1184 plurimorum
830 1102 1008 1182 Martyrum.
1022 1102 1091 1162 llaec
1103 1101 1176 1179 Nos,
1186 1103 1375 1164 Venerabilis

221 1205 335 1281 Frater,
346 1221 408 1265 non
426 1202 526 1264 minus
537 1200 741 1282 spiritualem,
754 1216 848 1282 quam
858 1198 1057 1281 temporalem
1077 1199 1163 1261 istius
1172 1200 1278 1281 populi
1291 1202 1376 1263 utili-

221 1308 316 1363 totem
330 1294 480 1363 intuentes
494 1296 655 1361 sancienda
668 1316 732 1360 esse
739 1297 956 1377 judicavimus3
971 1296 1002 1356 in
1012 1315 1074 1377 quo
1084 1296 1250 1377 plurimum
1258 1298 1375 1359 solliei-

221 1400 332 1479 tudini,
357 1420 393 1463 ac
414 1400 557 1482 pastorali
578 1398 734 1479 vigilantiae
764 1404 823 1458 tun
848 1394 1043 1471 confidimus,
1067 1394 1120 1475 qui
1143 1393 1217 1455 illnd
1236 1395 1374 1475 prolecto

221 1498 397 1577 sedulitam,
419 1498 581 1578 studioque
594 1503 648 1558 tuo
668 1494 797 1571 efficies,
816 1512 856 1556 ne
868 1492 942 1574 quid
958 1491 1088 1553 edivino
1105 1492 1191 1553 cultu
1200 1492 1373 1555 detructum

219 1597 312 1659 videri
323 1598 434 1679 possit,
448 1596 500 1658 sed
514 1615 576 1677 quo
585 1597 684 1656 minor
696 1592 841 1655 festorum
855 1590 973 1652 dierum
993 1588 1091 1651 iactus
1102 1595 1149 1650 est
1160 1607 1373 1668 nrmrerus,eo

220 1694 317 1772 major
334 1694 372 1756 sit
390 1694 421 1754 in
440 1694 622 1775 populorum
646 1691 754 1753 animis
770 1689 892 1771 pietatis
912 1689 1011 1750 semor
1029 1707 1066 1750 ac
1087 1687 1220 1750 devotio.
1243 1689 1373 1753 Proinde

219 1778 412 1852 v'eirementer
423 1791 562 1872 cupimus
577 1809 612 1852 ac
626 1789 656 1850 in
671 1788 798 1849 Domino
812 1785 1042 1847 Fraternitstem
1055 1791 1140 1847 wem
1153 1784 1324 1864 hortamur,
1339 1795 1373 1849 nt

220 1890 352 1970 Populos
375 1890 428 1951 tibi
443 1890 621 1952 commissos
639 1886 796 1967 diligenter
810 1882 979 1946 edocendos
999 1900 1103 1958 cures,
1123 1880 1242 1962 quem
1255 1883 1372 1962 justam

220 1986 443 2070 legitimamque
462 1988 580 2050 dierum
600 1986 747 2049 ioetorum
761 1981 994 2045 celebrationem
1004 1980 1176 2061 pertinent,
1189 1997 1252 2061 quo
1264 1980 1373 2044 ardore

220 2101 339 2165 quaque
350 2084 519 2147 humilitate
532 2083 655 2166 spiritus
666 2082 786 2144 adstare
804 2079 1000 2143 sanctissimo
1014 2079 1126 2141 Altaris
1136 2079 1298 2157 moriilcio,
1311 2098 1372 2161 quo

220 2180 334 2260 studio,
345 2201 406 2263 que
417 2182 584 2264 frequentia
593 2180 702 2243 divinis
713 2178 832 2255 officiis,
846 2177 940 2239 secris
951 2175 1147 2238 concionibus
1157 2183 1189 2238 et
1200 2176 1372 2239 fflridbnre

220 2280 362 2342 doctrina.
379 2281 616 2342 institutionibus
629 2280 771 2340 interesse
783 2277 928 2353 debeant,
942 2283 973 2338 et
986 2293 1025 2337 ne
1043 2294 1097 2358 per
1111 2294 1166 2338 eos
1186 2276 1252 2339 dies
1263 2276 1370 2341 tllrristi

219 2371 352 2436 fidelium
373 2375 466 2438 corde
479 2383 640 2456 graventur
654 2374 778 2455 crapula
797 2381 828 2434 et
840 2373 999 2450 sistente,
1015 2381 1046 2434 et
1059 2373 1247 2436 secularibus
1255 2376 1371 2456 cogita-

219 2468 363 2548 tionibus,
373 2489 466 2553 quam
480 2471 738 2551 diligentissimam
748 2468 953 2551 opersmdsre
964 2469 1098 2546 debebis,
1112 2470 1285 2552 utprotena
1294 2490 1371 2554 quo·

222 2584 298 2645 que,
313 2568 444 2645 lubrica,
460 2577 490 2631 et
504 2569 604 2630 minus
616 2569 754 2649 religiosa
774 2567 933 2648 apublicis
947 2567 1022 2629 locis
1038 2576 1252 2646 amoveantur3
1267 2577 1371 2631 conns

221 2685 292 2728 sero
311 2668 340 2728 in
353 2676 517 2750 conspectu
532 2668 582 2729 illa
595 2667 669 2743 sint,
688 2664 867 2746 abundeque
880 2672 1057 2746 suppetant,
1071 2684 1139 2746 qno
1152 2666 1192 2727 ad
1211 2665 1370 2729 {cumdem

222 2762 413 2828 devotionem
435 2766 637 2849 pietatemque
660 2764 824 2847 plurimum
847 2765 990 2846 prodesse
1010 2767 1138 2847 possint.
1157 2769 1230 2843 Quae
1249 2768 1370 2850 quidem

221 2870 330 2925 cuncta
342 2882 360 2925 a
373 2870 530 2946 perspecta
540 2862 684 2945 pastorali
699 2860 855 2924 sedulitate
866 2869 919 2923 tua
930 2861 1023 2923 Nobis
1035 2863 1167 2925 menime
1178 2864 1368 2945 pollicentes,

221 2958 250 3020 in
263 2960 424 3024 Pontificio
438 2961 572 3024 caritatis
585 2961 693 3044 pignus
710 2960 906 3042 apostolicam
915 2960 1155 3024 benedictionem
1164 2963 1231 3041 tibi,
1242 2965 1370 3027 venem

148 3120 153 3131 ,
219 3056 287 3120 bilis
299 3058 415 3138 Frater,
437 3067 554 3142 tueque
569 3059 638 3122 lidei
659 3058 820 3121 commisso
834 3059 951 3139 Populo
963 3066 1154 3140 peramarum
1167 3060 1367 3143 impertimur.

220 3156 333 3217 Dotem
342 3160 454 3231 Eomoe,
466 3165 535 3236 ete,
551 3159 601 3220 die
613 3169 649 3219 ²2
658 3159 746 3234 junii
762 3167 848 3233 itit,
856 3159 1051 3236 pontificatus
1063 3162 1159 3220 bostri
1171 3176 1251 3219 ceso
1265 3163 1367 3220 intio.

255 3302 359 3359 Eodem
374 3304 523 3378 Exemplo:
546 3305 755 3378 archiepiscopo
775 3303 961 3371 blebliniensi,
979 3303 1192 3379 Archiepiseopo
1207 3302 1367 3369 (luridensi,

221 3390 356 3462 Episcopo
370 3393 573 3461 Neostadiensi,
586 3393 720 3465 Episcopo
733 3391 869 3466 Agrieusi,
881 3392 1015 3464 Episcopo
1030 3393 1220 3460 Csanediensi‚
1234 3394 1369 3469 Episcopo

220 3476 365 3548 lauriensi,
379 3478 513 3553 Episcopo
522 3481 801 3553 Quinquecctesiensi,
813 3482 948 3554 Episcopo
960 3484 1130 3554 Varadiensi,
1140 3486 1273 3560 Episcopo
1284 3488 1368 3544 Vesa-

221 3566 368 3638 primieusi,
380 3570 515 3644 Episcopo
527 3569 682 3642 Nitiriensi,
692 3571 828 3644 Episcopo
840 3571 1024 3647 Zagrabicnsi,
1034 3572 1167 3646 Episcopo
1178 3574 1310 3631 Bosa·
1316 3590 1367 3632 seu

220 3654 446 3726 Deakovnriensi,
462 3659 597 3731 Episcopo
611 3658 848 3732 Trausylvmiensi
859 3702 866 3727 ,
879 3661 1013 3734 Episcopo
1024 3659 1219 3729 mumuemsi,
1235 3661 1368 3736 Episcopo

220 3744 386 3814 Tergemina,
402 3746 537 3820 Episcopo
548 3745 699 3819 segniensi,
712 3746 846 3821 Episcopo
857 3747 1059 3821 Annerpionsi,
1075 3747 1211 3821 Episcopo
1222 3750 1366 3823 hugon,

220 3831 352 3904 Episcopo
363 3837 480 3906 iprensi,
492 3837 627 3909 Episcopo
638 3836 864 3894 Eumnundeno.

256 3964 436 4038 sequentibus
450 3983 512 4025 uero
526 3968 666 4042 Episcopis
677 3984 727 4043 pro
742 3967 848 4025 linealis
867 3968 956 4041 primo
977 3969 1035 4024 loco
1055 3968 1200 4025 scribetur.
1219 3974 1258 4028 Ui
1270 3970 1369 4042 fidebs

220 4055 334 4128 Populi,
348 4057 438 4127 ipsius
453 4058 559 4111 Ditiont
570 4057 703 4128 subjecti,
717 4064 744 4113 et
756 4072 804 4129 pro
814 4057 935 4122 linearis,
944 4055 1065 4113 secundo
1074 4055 1145 4121 loco,
1159 4060 1236 4112 iltis
1247 4060 1286 4113 tls
1296 4062 1370 4116 Dim·

220 4149 288 4199 cesis
314 4150 369 4200 tuae
383 4144 465 4209 locis,
487 4149 533 4217 qui
548 4148 657 4200 Ditiont
676 4148 835 4201 Austrinos
856 4145 981 4201 subsunt.
1005 4145 1216 4217 Arcbiepiecopo
1233 4145 1369 4203 Solisben
1456 4178 1462 4189 ι

220 4232 305 4300 genn,
315 4234 448 4309 Episcopo
457 4238 629 4304 sagamano,
640 4235 774 4307 Episcopo
783 4234 959 4305 Frisingensi,
969 4235 1102 4306 Episcopo
1111 4229 1370 4308 Mutine-Epis

220 4333 289 4390 copo
297 4322 430 4391 Curiensi,
442 4323 575 4396 Episcopo
585 4325 754 4392 Cbtemensi,
769 4327 910 4396 Episcopo
921 4327 1112 4392 i’cssaciesst,
1125 4325 1266 4395 Episcopo
1275 4326 1370 4380 lirid-

219 4411 312 4480 mi,
321 4411 455 4485 Episcopo
466 4410 695 4479 Wr'stislsuiensi‚
706 4413 840 4485 Episcopo
848 4414 1007 4482 Bulleenei,
1019 4403 1153 4485 Episcopo
1162 4410 1365 4469 Eetifflcneul.

222 4498 291 4552 item
303 4500 481 4570 sequennbns
495 4516 545 4572 pro
557 4499 664 4556 liuentis
675 4500 764 4572 primo
776 4498 837 4555 loco
852 4499 996 4557 scribatur.
1010 4505 1047 4557 iil
1057 4500 1156 4563 liedes
1169 4499 1271 4574 Populi
1281 4502 1369 4573 bruas
