3194 5354
656 480 859 538 annuamus
877 480 944 535 xiv

711 626 814 695 xllx
833 626 893 696 bis.

680 781 811 825 bruneto
833 783 922 826 nuo

608 879 787 940 ummo
807 880 1028 952 amasam,

337 995 448 1047 1010101
464 993 738 1045 concanonicum
754 994 863 1045 saron
879 996 981 1046 suasu
994 997 1028 1046 00
1041 995 1142 1046 sunus
1159 996 1273 1058 mons,

538 1088 772 1169 CLEMENS
798 1093 924 1170 PAPA
954 1090 1060 1169 XIV.
1193 1171 1196 1176 .

982 1232 1077 1291 Rome,
1094 1229 1224 1290 0101100011
1239 1235 1310 1282 1770.

267 1329 403 1401 Dilecta,
416 1333 470 1390 etc.
486 1328 531 1388 Ex
541 1327 647 1391 litteris
659 1328 720 1391 tuis
728 1327 811 1389 omni
824 1326 994 1389 officiorum
1003 1344 1075 1406 erga
1084 1327 1145 1389 Nos
1158 1343 1272 1406 genere
1284 1326 1391 1425 retes*⁸

227 1422 266 1485 tis
287 1421 405 1484 abunda
418 1426 521 1484 nostra
534 1422 627 1486 Nobis
644 1423 822 1486 confirmata
843 1429 888 1485 est
907 1422 1009 1504 opinio
1025 1421 1257 1502 jamdudumde
1273 1430 1329 1488 tuo
1343 1425 1374 1489 ir

224 1517 392 1581 Ecclesiam
405 1516 505 1580 studio
516 1519 681 1607 ceterique
691 1517 861 1592 virtutibus,
878 1536 914 1580 ac
925 1518 963 1580 de
974 1516 1117 1598 singulari
1128 1537 1286 1584 00000010
1296 1540 1373 1604 prac-

225 1612 331 1676 ssrtim
342 1630 445 1675 rerum
455 1611 593 1676 doctrina
611 1620 766 1697 percepta.
780 1617 850 1690 Qua
866 1614 990 1696 quidem
1007 1615 1118 1679 decora
1131 1620 1201 1696 tus,
1213 1616 1289 1680 dum
1303 1636 1374 1682 eam

223 1710 446 1792 perlegeremus
455 1709 630 1792 epistolam,
644 1712 688 1775 ita
700 1712 793 1775 Nobis
805 1711 835 1774 in
846 1720 979 1776 mentem
991 1720 1154 1788 uenerunt,
1166 1721 1201 1776 ut
1218 1714 1306 1778 valde
1319 1715 1374 1779 las·

224 1808 279 1870 tati
293 1823 399 1870 snmus
413 1806 452 1869 de
466 1806 549 1871 filiali
562 1816 615 1872 tna
631 1810 662 1874 in
673 1812 734 1874 Nos
750 1811 940 1874 observantia
953 1829 989 1874 ac
1001 1811 1073 1890 tide,
1085 1829 1183 1892 neque
1201 1811 1371 1894 quidquam

225 1904 377 1988 acceptius
389 1922 427 1968 ex
435 1910 466 1967 te
479 1922 544 1969 esse
555 1914 674 1989 posset,
688 1924 780 1989 quam
795 1913 917 1969 tuorum
926 1906 1114 1988 egregiorum
1126 1907 1265 1970 laborum
1278 1909 1372 1971 meri·

224 2010 384 2084 torumque
407 2001 586 2066 recordatio.
609 2001 819 2067 Libentissime
842 2001 969 2084 proinde
997 2002 1164 2084 excipimus
1187 2003 1372 2086 'theologias

222 2101 373 2185 Opuscula
382 2107 453 2179 tna,
466 2119 532 2183 qua
543 2100 582 2163 ad
595 2119 651 2165 nos
663 2100 761 2164 detera
775 2105 931 2183 mmquam
945 2107 1003 2163 tue
1015 2101 1131 2164 eximie
1143 2101 1174 2163 in
1184 2102 1247 2164 Nos
1259 2102 1373 2166 volun-

221 2198 480 2277 tatistestimonia‚
492 2217 617 2281 quasque
625 2198 681 2280 ipsi
689 2216 782 2282 penes
789 2192 850 2260 Nos
860 2197 991 2260 habituri
999 2217 1105 2263 sumus
1111 2198 1202 2262 etiam
1211 2205 1371 2281 tamquam

220 2296 363 2378 preclara
382 2301 504 2359 tuarum
521 2295 647 2359 laudum
663 2301 871 2358 monumenta.
886 2297 956 2370 Qua
970 2295 1001 2356 in
1017 2294 1144 2376 epistola
1157 2299 1211 2356 tua
1222 2294 1262 2356 de
1277 2295 1371 2375 Nobis

221 2392 374 2456 interseris
403 2391 536 2471 judicia,
567 2392 711 2454 benevole
738 2389 861 2473 quidem
887 2389 996 2473 pieque
1013 2390 1045 2452 id
1063 2390 1160 2469 tacis,
1182 2390 1236 2453 sed
1261 2398 1370 2455 nostra
1418 2429 1423 2439 ·

220 2489 283 2551 Nos
297 2488 480 2551 infirmitatis
498 2488 610 2552 conscii
621 2487 727 2551 eadem
743 2488 776 2550 in
791 2486 902 2568 optatis
923 2504 959 2549 ac
979 2487 1056 2550 votis
1073 2487 1111 2550 da
1129 2487 1223 2550 Nobis
1244 2488 1304 2551 tuis
1316 2508 1370 2571 po·

221 2584 321 2648 nenda
330 2602 394 2647 esse
408 2589 599 2667 reputamus,
612 2603 678 2667 qun
688 2583 784 2647 utbei
794 2584 978 2666 benignitate
991 2591 1058 2648 rata
1067 2584 1161 2663 liant,
1174 2584 1369 2648 vehementer

222 2699 241 2744 a
256 2686 287 2745 tc
297 2680 440 2764 petimus,
450 2699 490 2744 ne
502 2680 748 2759 eumdemenixe‚
763 2687 798 2742 ut
808 2680 895 2760 iacis,
907 2681 1064 2764 deprecari
1075 2699 1210 2764 unquam
1222 2681 1369 2745 intermit-

221 2785 280 2843 tas.
296 2781 357 2842 Nos
368 2778 498 2842 invicem
509 2778 613 2842 omnis
623 2778 677 2841 tibi
688 2784 822 2860 paternas
833 2785 942 2843 nostm
963 2780 1178 2843 benevolentia
1191 2784 1368 2862 argumenta

220 2894 378 2960 nunquam
393 2894 451 2958 pro
464 2876 688 2959 opportunitate
701 2874 840 2939 defutura
849 2876 1041 2959 pollicemur,
1063 2897 1100 2940 ac
1111 2884 1146 2940 nt
1158 2875 1369 2940 0010101οἰ10ὶί-

187 3021 189 3024 <
221 2974 280 3038 bus
290 2973 475 3055 ¹monasterii
492 2973 553 3051 tui,
573 2992 649 3056 quas
668 2972 822 3054 describis,
835 2975 986 3038 vindicem
1000 2995 1037 3038 ac
1051 2975 1260 3039 auxiliatorem
1272 2976 1368 3038 Derun

218 3074 319 3155 ipsum
335 3071 449 3136 habeas
464 3070 617 3134 industrie
629 3077 706 3151 tna,
720 3089 782 3153 qua
796 3071 889 3154 ipsius
908 3091 1049 3155 reparare
1068 3072 1198 3152 damna,
1214 3091 1250 3136 ac
1263 3072 1369 3154 pristi-

221 3188 296 3232 num
308 3169 449 3232 inducere
465 3168 497 3231 in
507 3166 700 3231 restituendis
711 3168 804 3230 etiam
818 3166 1025 3232 doctrinarum
1040 3170 1146 3233 studiis
1156 3174 1368 3238 ornamentum

220 3264 401 3328 contendero
410 3271 442 3328 ta
450 3271 610 3347 putamus,
624 3264 767 3328 eumdem
774 3283 957 3348 magnopere
966 3267 1171 3347 obsecramus,
1183 3266 1288 3331 divina
1303 3284 1368 3329 non

220 3356 321 3426 minus
331 3363 433 3444 gratia
449 3363 620 3444 auspicem,
630 3382 723 3447 quam
734 3364 894 3447 pontificia
905 3365 1039 3429 caritatis
1049 3365 1158 3448 pignus
1170 3365 1368 3448 apostolicam

221 3459 462 3525 benedictionem
486 3459 563 3539 tibi,
589 3461 699 3525 dilecte
718 3462 781 3540 lili,
805 3469 999 3544 peramanter
1019 3463 1222 3546 impertimur.
1253 3465 1367 3527 Dmum

219 3559 332 3632 Rome,
347 3565 418 3634 stc„
435 3559 486 3622 dte
497 3560 665 3638 ajanuarii·
681 3569 769 3638 1770,
782 3564 977 3642 pontificatus
989 3568 1088 3626 nostri
1101 3581 1183 3627 anun
1190 3567 1304 3644 primo.

771 3773 809 3844 L.

673 3927 804 3974 nuncto
826 3931 911 3976 ntro

377 4032 639 4097 BENEDICTO
668 4035 865 4099 BONELLI
893 4037 921 4098 A
950 4036 1206 4101 csvsnaslo

553 4150 682 4201 oanmts
696 4151 848 4202 monum
864 4152 930 4202 oss.
947 4152 1026 4214 BER,

528 4245 763 4328 CLEMENS
789 4251 919 4328 PAPA
945 4249 1053 4329 XIV.
1165 4275 1167 4278 ’

974 4387 1067 4443 mma,
1077 4388 1093 4432 s
1103 4380 1206 4444 januarii
1221 4383 1289 4432 1770.

260 4474 394 4549 Dilecto,
409 4484 467 4539 010.
479 4476 646 4541 Concilium
661 4486 748 4541 tuum
762 4498 797 4540 ac
811 4478 945 4541 laborem
960 4500 978 4541 a
992 4486 1022 4542 te
1040 4484 1216 4559 susceptum
1230 4477 1261 4540 in
1275 4476 1372 4541 00100-
