3194 5354
225 471 261 519 til
655 460 862 517 CLEMEll'llS
879 463 945 517 XlV

225 566 331 629 eadem
354 565 418 626 trac
438 563 635 644 congregatm
657 565 807 644 ingentem
828 566 911 628 illam
929 566 1048 646 exigere
1070 569 1205 648 pecuma
1224 588 1379 639 summam

225 663 351 745 posita
368 661 451 723 clara
463 659 612 723 memoria
623 660 789 724 cardinalis
802 664 946 724 Toumon
959 662 1014 724 sibi
1034 662 1179 743 legatam3
1198 665 1271 729 inda
1286 668 1378 731 etiam

225 759 392 841 expeditior
409 760 507 821 multo
528 756 671 820 fundandi
690 757 927 840 instituendique
947 758 1024 821 illius
1044 759 1162 841 collegii
1179 762 1259 824 ratio
1279 780 1317 826 ac
1329 763 1378 826 la-

224 865 322 926 cultas
337 860 503 924 accederet.
519 861 563 921 Eo
574 866 664 940 pacto
677 865 709 920 et
722 859 803 920 lranc
819 859 917 938 ipsam
932 856 1200 939 Congregationem
1213 858 1252 922 de
1266 860 1378 943 Propa-

223 964 324 1045 ganda
336 961 409 1023 Fide
422 959 548 1022 mirifice
560 959 614 1020 tibi
626 957 844 1034 demereberis,
857 961 887 1018 et
898 954 1107 1034 Pontificiam,
1119 975 1180 1038 qna
1190 976 1263 1051 erga
1275 956 1315 1021 de
1328 976 1378 1021 str-

224 1077 310 1135 mus‚
331 1055 529 1137 ampliticabis
542 1053 782 1116 benevolentiam
793 1058 941 1130 nostram;
956 1052 986 1113 in
1000 1052 1088 1131 cuius
1100 1053 1211 1134 pignus
1220 1055 1378 1136 Apostoli-

224 1172 294 1216 cam
304 1154 547 1216 benedictionem
565 1151 636 1228 tibi,
648 1149 835 1212 Venerabilis
851 1151 968 1228 Frater,
984 1155 1103 1231 tuaque
1118 1149 1189 1213 lidci
1200 1152 1376 1216 concredito

223 1253 337 1334 populo
343 1257 534 1334 peramanter
542 1251 743 1331 impertimur.
756 1251 870 1312 macac
879 1250 990 1322 noma,
1002 1258 1071 1330 etc,
1083 1253 1132 1314 dic
1144 1264 1179 1315 at
1187 1255 1274 1332 junii
1285 1265 1373 1331 ltro,

222 1353 412 1429 prolitentes
426 1354 522 1412 costra·
533 1365 616 1410 onoc
626 1348 769 1409 aarum.

702 1481 885 1492 ————-

707 1589 883 1659 LXXXVI.

485 1746 648 1790 crnrssnro
671 1747 706 1788 tn
729 1745 861 1788 cnarsro
885 1745 970 1788 armo
993 1745 1112 1788 uosrno

330 1853 482 1913 CAROLO
503 1853 737 1913 EMMANUELI
757 1851 951 1911 SARDINIAE
971 1853 1066 1913 REGI
1088 1853 1265 1915 ILLUSTRI

531 1974 773 2096 mannus,
792 1976 922 2054 paen
950 1975 1059 2052 inu.

1014 2119 1105 2177 Rom,
1120 2122 1150 2167 28
1160 2116 1222 2176 junii
1239 2121 1309 2169 177⁰.

262 2226 422 2295 domama,
433 2231 489 2285 etc.
506 2222 644 2285 Reddidit
658 2223 749 2285 Nobis
762 2224 994 2285 humanissimas
1003 2223 1245 2303 blajestatis'l'uae
1257 2226 1373 2293 litteras

220 2321 348 2383 dilectus
360 2320 440 2382 tilius
453 2319 562 2382 nobilis
582 2321 627 2381 vir
643 2339 746 2382 comes
758 2320 796 2381 de
815 2321 923 2381 llirera
942 2319 1075 2382 Minister
1093 2328 1164 2382 tuus
1179 2323 1373 2405 plenipoten-

222 2418 338 2494 tiarius,
352 2425 384 2479 et
397 2435 464 2498 qua
482 2418 515 2479 in
531 2418 567 2478 iis
582 2419 735 2498 postulata
752 2424 841 2495 sunt,
855 2434 975 2479 summo
995 2417 1165 2499 eximioque
1184 2418 1235 2482 illo
1258 2422 1371 2503 studio,

220 2534 283 2596 quo
298 2518 328 2577 in
346 2521 414 2579 tuas
434 2535 482 2578 res
497 2533 562 2577 esse
579 2532 697 2597 semper
712 2516 799 2593 solet,
813 2523 859 2577 est
873 2521 1084 2597 prosequutus.
1107 2514 1246 2580 Postulas
1264 2537 1373 2603 nempe

220 2630 240 2673 a
260 2612 352 2676 Nobis
363 2612 513 2694 quadam,
523 2612 677 2675 carissime
691 2614 722 2674 in
732 2612 851 2675 Christo
860 2612 903 2675 tili
915 2620 1028 2692 noster,
1040 2615 1151 2696 pietate
1160 2621 1371 2683 tantummodo

222 2718 275 2775 tna
290 2731 327 2775 ac
339 2711 481 2791 religione
497 2711 654 2787 inductus,
669 2710 853 2791 mirificeque
867 2710 1029 2775 oondmras
1042 2710 1084 2790 td,
1100 2713 1182 2794 quod
1195 2714 1233 2777 de
1247 2720 1278 2778 tc
1289 2736 1372 2781 sem-

219 2829 275 2893 per
289 2810 445 2891 gessimus,
458 2809 607 2890 judicium
619 2815 769 2885 nostrum,
781 2807 894 2870 illustre
910 2808 1064 2889 quoddam
1078 2808 1330 2892 christianarum,
1341 2824 1372 2878 et

220 2925 289 2969 vere
301 2907 454 2987 regiarum
467 2907 613 2968 vimutum
626 2905 658 2966 in
669 2904 705 2967 iis
724 2904 874 2981 omnibus,
894 2921 960 2985 que
974 2904 1088 2967 moliris
1106 2912 1197 2988 atque
1216 2906 1290 2988 agis,
1310 2916 1372 2971 ate

217 3005 372 3085 specimen
387 3002 531 3065 exhiberi.
541 3001 624 3064 lllud
640 3001 732 3063 etiam
748 3018 940 3082 summopere
954 3001 1014 3063 Nos
1035 3000 1174 3081 delectat,
1198 3004 1281 3084 quod
1302 3023 1372 3069 eam

217 3101 257 3162 de
283 3100 375 3163 Nobis
397 3101 566 3182 prateteras
584 3100 615 3162 in
639 3100 819 3181 postulando
839 3096 1000 3179 fiduciam,
1024 3118 1090 3183 qua
1116 3118 1188 3163 cum
1209 3101 1370 3183 singulari,

219 3204 310 3277 atque
327 3201 445 3276 egregia
456 3205 560 3260 nostra
574 3215 647 3277 erga
658 3204 688 3258 te
699 3197 852 3258 voluntate
865 3200 1006 3278 preclare
1017 3199 1179 3279 consensit,
1195 3208 1371 3283 tantamque

219 3294 251 3354 in
271 3292 363 3354 Nobis
383 3291 493 3354 excitat
511 3294 565 3355 tibi
590 3293 776 3373 gratificandi
806 3294 1002 3377 alacritatem,
1030 3306 1065 3360 ut
1088 3297 1147 3362 hoc
1169 3300 1233 3382 ipso
1259 3310 1371 3366 nostra
1396 3320 1399 3325 ·

220 3390 310 3470 plane
322 3388 449 3469 obsequi
462 3389 618 3469 cupiditati
630 3390 722 3452 Nobis
740 3391 906 3454 videamur.
917 3394 1002 3455 -Cum
1019 3394 1120 3476 itaque
1131 3402 1196 3459 tam
1212 3394 1369 3472 distincte,

219 3486 376 3569 perspicue
391 3493 589 3568 accurateque
602 3488 736 3568 exposita
750 3508 786 3551 ac
797 3489 912 3570 digesta
924 3490 1034 3554 offeras
1044 3491 1157 3572 omnia,
1173 3512 1371 3578 quecumque

218 3582 333 3645 adrem
351 3583 512 3666 pertinent,
527 3591 561 3646 ut
576 3584 649 3646 nibil
662 3584 699 3646 ad
717 3586 893 3668 ampliorem
911 3588 1050 3652 notitiam
1070 3589 1232 3685 accedere,
1254 3599 1307 3654 aut
1318 3592 1371 3655 de·

217 3679 344 3743 siderari
367 3679 479 3762 possit,
503 3682 655 3744 sublatam
676 3683 768 3744 etiam
791 3701 914 3746 omnem
939 3685 1032 3748 Nobis
1056 3705 1121 3749 esse
1145 3687 1371 3770 interponenda

218 3797 310 3840 morae
323 3798 447 3842 causam
459 3781 642 3862 gaudemus,
657 3800 751 3862 quum
770 3781 890 3860 statim,
906 3782 981 3845 dum
998 3784 1051 3845 tibi
1069 3784 1281 3862 rescribimus,
1301 3804 1370 3869 quar

217 3877 296 3939 ratio
312 3882 433 3938 tuorum
450 3878 671 3958 postulatorum
688 3877 837 3941 habeatur
851 3898 869 3941 a
886 3881 989 3958 Nobis,
1006 3881 1163 3963 intelligas.
1180 3884 1371 3964 Quapropter

218 3974 316 4055 Regiae
329 3976 476 4054 blajestati
490 3978 561 4038 Tura
579 3977 745 4057 apostolica
760 3977 941 4040 auctoritate
951 3977 1156 4058 concedimus,
1172 3987 1205 4041 ut
1219 3979 1371 4042 Abbatia-
1432 4022 1439 4033 ·

217 4091 298 4151 rum,
309 4080 340 4134 et
350 4072 530 4154 pensionum
543 4073 658 4136 tructus
670 4073 829 4145 decursos,
847 4082 878 4136 et
890 4075 988 4137 adhuc
1000 4076 1173 4154 existentes,
1188 4080 1277 4156 prout
1290 4093 1370 4157 pos-

218 4162 313 4242 tulas,
333 4169 446 4232 scilicet
463 4188 585 4246 earum,
608 4170 646 4233 ad
659 4190 736 4253 quas
752 4170 917 4234 nominatio
934 4190 952 4233 a
970 4181 1000 4234 te
1021 4173 1246 4255 quamprimum
1258 4178 1305 4233 est
1318 4170 1371 4236 la-

217 4266 344 4345 cienda,
356 4288 392 4331 ea
408 4277 510 4332 tamen
524 4278 648 4351 excepta
663 4275 767 4350 parte,
781 4286 874 4347 quam
892 4270 922 4330 in
941 4269 1077 4332 savorem
1092 4268 1367 4349 nominandorum,

218 4365 271 4420 aut
290 4369 463 4426 erectorum
484 4365 522 4426 ad
542 4364 663 4426 titulum
688 4364 901 4442 relaxandum,
923 4365 1105 4444 judicaveris
1116 4413 1124 4444 ,
1144 4382 1250 4428 earum
1273 4384 1367 4446 vero,

217 4476 346 4537 quarum
356 4462 592 4525 nominationem
602 4461 692 4541 justis
703 4481 719 4524 e
731 4462 830 4524 causis
839 4462 967 4526 retinere
975 4481 1154 4544 suspensam
1166 4463 1258 4542 voles,
1271 4478 1368 4544 usque
