3194 5354
233 509 280 556 tau
653 493 854 551 abusuris
872 496 939 551 XIV

227 610 286 669 Nos
296 605 432 686 quidem,
444 602 631 684 quantumin
642 601 800 678 Nobisest,
812 618 918 662 omnes
925 617 1014 662 curas
1024 600 1054 662 in
1063 600 1220 663 universas
1231 600 1376 665 m

224 703 317 765 Nobis
330 700 495 763 commissu
516 704 617 779 partes
636 696 847 777 convertimus,
871 715 907 758 ac
919 696 985 759 dies
1002 702 1166 778 noctesque
1183 699 1375 779 cogitamus,

219 821 285 882 ‹qua
296 800 410 861 ratione
421 803 467 858 tot
478 793 609 875 undique
620 793 827 873 ingruentibus
839 810 1046 870 occurramus,
1062 812 1099 856 sc
1112 793 1294 858 medeamur
1303 814 1376 859 ma-

225 902 272 962 lis.
291 899 377 959 Doles
393 896 430 957 de
449 895 486 956 iis
498 900 534 954 tu
545 889 731 972 qnidempro
741 909 789 967 ea,
802 908 863 971 qus
881 891 912 951 In
924 892 1089 954 Ecclesiam
1100 910 1144 970 as,
1155 892 1282 974 pictate,
1300 900 1375 958 taro-

224 1014 284 1079 qne
297 995 399 1055 dolore
412 989 526 1053 excitas
536 988 632 1068 magis
646 995 736 1068 atque
752 987 921 1049 inflammas
935 988 1150 1053 sollicitudines
1160 998 1293 1071 nostras,
1307 993 1375 1075 qni

224 1096 281 1156 bns
295 1096 493 1174 preterquam
503 1085 585 1166 quod
599 1085 839 1165 opportunitates
856 1103 991 1166 quasque
1005 1102 1065 1149 non
1079 1093 1144 1149 tam
1161 1095 1372 1169 expectamus,

223 1208 316 1272 quam
331 1206 386 1270 per
402 1189 462 1248 Nos
480 1183 562 1264 ipsos
578 1199 722 1263 puamus
741 1198 776 1243 ao
798 1181 957 1260 struimus,
979 1183 1129 1265 precipue
1151 1187 1247 1248 mum
1271 1188 1373 1268 ipsum

223 1287 350 1350 assiduis
363 1283 501 1366 precibus
514 1299 550 1345 ac
559 1280 690 1343 lacrimis
699 1279 907 1362 imploramus,
920 1288 953 1365 nt
964 1284 1057 1345 Nobis
1066 1285 1113 1346 sui
1123 1286 1239 1348 consilii
1254 1288 1374 1368 sapien·

223 1387 272 1448 tia
289 1403 325 1446 ac
340 1381 521 1445 tortitudinis
539 1380 677 1461 spiritum
697 1380 852 1460 largiatur,
867 1398 930 1462 quo
948 1388 1106 1463 tamquam
1120 1382 1211 1445 aruns
1231 1382 1372 1448 instructi

223 1484 371 1565 possimus
385 1481 472 1562 ignea
481 1476 673 1539 inimicorum
684 1476 745 1539 tela
758 1478 954 1559 restinguere,
969 1497 1006 1543 ac
1020 1479 1052 1541 in
1063 1480 1177 1543 tuenda
1189 1498 1373 1564 promoven-

223 1581 322 1660 daque
335 1579 489 1658 religione,
510 1575 639 1655 pietate,
659 1573 767 1636 virtuto
781 1574 952 1641 mimarum
968 1575 1184 1657 incolumitati,
1205 1596 1241 1640 ac
1263 1579 1373 1642 divina

222 1676 340 1757 gloria,
354 1673 436 1754 quod
448 1671 535 1733 unicc
549 1670 688 1752 cupimus
702 1689 739 1732 ac
754 1668 910 1750 debemus,
933 1672 1085 1735 inservire.
1104 1674 1170 1736 llos
1181 1675 1370 1757 precipuum

222 1774 315 1834 ctiam
333 1776 396 1833 asse
413 1776 471 1831 tua
484 1768 615 1850 pietatis,
630 1785 666 1828 ac
680 1766 709 1827 in
725 1768 787 1828 Nos
797 1767 994 1831 observantie
1011 1768 1146 1832 officium
1160 1770 1311 1849 existima,
1335 1779 1372 1835 ut

223 1867 394 1948 hujusmodi
414 1864 634 1928 votis‘assidue
657 1863 791 1941 insistas,
815 1865 925 1945 quibus
943 1866 981 1928 sd
1002 1867 1178 1948 piaclamm
1197 1867 1372 1931 christianae

223 1967 291 2027 vita
310 1965 461 2047 specimen
474 1961 634 2041 adiunctis,
653 1959 749 2040 magis
771 1960 801 2020 in
815 1959 879 2023 dias
892 1961 1039 2023 cumulari
1052 1962 1083 2022 in
1102 1968 1132 2024 te
1148 1962 1301 2026 uberrima
1317 1962 1371 2026 di-

222 2067 297 2126 vina
311 2062 452 2125 bonitab's
468 2061 655 2122 incrementa
670 2058 789 2123 sende.
805 2060 865 2121 Nos
890 2060 1017 2122 invicem
1037 2059 1092 2122 tibi
1106 2078 1209 2123 veram
1228 2060 1323 2123 animi
1338 2062 1369 2123 in

222 2166 283 2224 lico
305 2170 427 2243 pacem,
444 2159 631 2240 solidumque
649 2157 785 2236 landem,
808 2176 843 2220 ac
853 2157 1027 2220 felicitatem
1040 2164 1210 2240 precantes,
1225 2176 1369 2223 omnem-

221 2279 280 2340 que
293 2259 531 2321 benevolentiam
552 2276 589 2320 ac
611 2256 767 2321 caritatem
788 2246 965 2334 deferentes,
986 2256 1058 2319 nibil
1083 2256 1158 2319 adeo
1176 2262 1367 2339 exoptamus,

222 2376 314 2437 quarn
335 2364 369 2418 ut
381 2358 447 2435 ejus
459 2354 556 2436 reipsa
574 2354 775 2432 dcctmmda,
799 2353 1072 2434 mnfirmmdcquc
1092 2353 1205 2415 babere
1223 2372 1367 2436 magnum

223 2453 352 2532 aliquem
373 2471 409 2513 ac
427 2452 573 2513 illustrem
595 2450 744 2531 possiurus
765 2440 877 2515 locuni.
895 2453 1018 2513 Interim
1036 2451 1068 2512 in
1089 2451 1210 2513 uberius
1230 2452 1367 2531 ejusdem

222 2551 330 2630 pigvnvs
351 2549 546 2629 apostolicam
570 2547 808 2612 benedictionem
832 2549 958 2612 ooelestis
978 2548 1195 2611 benedictionis
1213 2549 1366 2630 auspicem

223 2646 375 2708 Nobilitati
390 2648 471 2713 Tua,
483 2643 589 2706 inclitae
597 2644 733 2724 conjugi,
746 2663 781 2707 ae
792 2645 903 2723 liberis,
917 2644 1061 2726 omnique
1072 2637 1136 2705 um
1148 2644 1264 2707 dilecta
1275 2644 1367 2708 Nobis

222 2743 340 2804 familias
353 2741 458 2803 intimo
471 2740 585 2821 paterni
600 2740 700 2802 cordis
722 2760 810 2804 sensu
830 2748 1023 2824 peramanter
1037 2733 1239 2821 impertimur.
1255 2746 1365 2806 cotem

224 2843 340 2914 Rome,
354 2848 424 2913 etc,
440 2841 490 2901 itte
504 2850 541 2900 ao
554 2840 728 2919 septembris
746 2852 815 2903 tati
823 2887 831 2919 ,
842 2844 1033 2921 pcatptectcs
1045 2845 1144 2904 castri
1152 2858 1236 2903 cauo
1249 2845 1347 2904 tertio.

247 2956 249 2961 ·
700 2943 883 2977 ...ι-...-

722 3072 861 3147 CLXIII.

661 3230 800 3275 uuacrrs
822 3229 919 3273 ratris

221 3341 479 3399 DlGNlTATlBUS
493 3342 539 3396 ET
553 3340 744 3398 eluctucrs
756 3338 937 3394 ECCLFSlAE
945 3338 1202 3395 CATtltlbultts
1214 3336 1361 3396 Adlblllll

386 3534 400 3561 ,Ι
526 3452 759 3532 CLFMENS
786 3454 914 3538 PAPA
942 3452 1048 3531 XIV.
1139 3455 1143 3461 ’

571 3607 599 3652 n
610 3607 671 3653 irc
683 3601 820 3665 suumn
831 3603 971 3653 nunonis
982 3603 1103 3664 macas,
1121 3605 1265 3658 isoenua
1279 3611 1347 3659 ¹⁷⁷¹.

258 3715 389 3783 Diluti,
412 3718 466 3772 etc.
483 3709 630 3771 Peculisri
645 3707 743 3770 studio
753 3714 785 3768 et
796 3708 921 3769 caritate
930 3709 1169 3790 complectimur,
1183 3710 1285 3773 dilecti
1296 3712 1361 3792 lilii,

219 3809 383 3873 Ecclesiam
397 3809 637 3883 Ariminensem,
650 3806 681 3867 in
698 3806 785 3884 cnjus
800 3805 916 3885 gremio
939 3805 1000 3867 nati
1015 3825 1137 3886 snmus,
1151 3809 1363 3893 civitatemque

219 3907 320 3984 istum,
333 3905 431 3987 inqua
442 3906 699 3985 tamquamaltera
712 3903 811 3984 patria
820 3903 1041 3984 nostraprimos
1052 3904 1149 3967 atatis
1163 3922 1259 3969 annos
1270 3926 1363 3989 usqne

219 4005 416 4086 adSeraphici
427 4004 545 4067 OrdInis
556 4004 723 4083 ingressum
735 4007 898 4063 transactas
910 4020 928 4061 a
941 4001 1032 4063 Nobis
1043 4001 1134 4064 luisse
1146 4003 1364 4082 jucrmdissime

219 4104 429 4181 recordamnr;
444 4120 541 4182 neque
563 4100 656 4163 Nobis
676 4101 777 4162 animo
789 4099 926 4160 excidere
939 4117 1074 4180 umam
1087 4108 1204 4181 potest,
1221 4108 1364 4182 quatum

219 4201 361 4263 virtutum
381 4200 469 4263 laude
484 4199 601 4260 lloreret
627 4198 656 4260 in
678 4196 782 4279 populi
803 4195 1032 4258 edificationem
1055 4197 1172 4276 clerus,
1198 4201 1288 4278 atque
1312 4198 1365 4262 illa

217 4297 367 4377 praecipua
392 4297 461 4359 cleri
482 4313 571 4376 pars,
592 4296 751 4375 collegium
774 4312 882 4373 ncmpc
903 4302 1053 4372 vestrum,
1073 4296 1161 4375 cujus
1178 4296 1208 4357 in
1227 4297 1290 4359 vita
1314 4298 1363 4380 pie

219 4385 378 4471 sancteque
402 4391 538 4454 ducenda
560 4392 736 4472 praeclarum
757 4397 823 4451 erat
836 4391 986 4470 specimen
1005 4393 1134 4470 escuris,
1150 4393 1230 4456 acin
1245 4396 1363 4476 persol-

220 4489 320 4553 vendis
334 4491 498 4569 praescium
512 4490 603 4551 dlvini
625 4490 722 4551 cultus
743 4487 848 4549 ciliciis
869 4490 962 4551 uiridia
979 4490 1172 4571 prefulgebat
1191 4512 1278 4556 sacro
1292 4512 1364 4566 curu
