3194 5354
476 466 657 521 EPISTOLAE
676 467 721 521 ΕΤ
739 466 876 521 BREVlA
894 459 1130 521 SELECTIORA.
1341 474 1376 524 95

228 577 269 642 ad
290 577 438 657 integrum
459 573 602 636 martium
616 589 750 634 mensem
770 572 906 652 proxime
927 572 1081 652 elapsum,
1094 579 1213 634 tantum
1235 573 1375 637 decursos

228 671 401 755 impendere
418 689 454 733 ac
467 687 591 749 erogare
603 669 700 749 possis
713 669 745 730 iu
757 668 929 749 Hospitates
948 668 1136 733 infirmorum
1154 673 1276 750 Demos,
1289 692 1326 736 ac
1345 675 1377 736 in

149 815 153 823 -
227 774 288 836 alia
305 771 494 851 illaqnnque
512 767 668 845 describis,
683 766 818 830 caritatis
830 767 984 848 Hospitio,
1000 786 1067 848 qua
1080 767 1194 831 scilicet
1205 769 1257 850 pia
1269 789 1374 852 opera,
1432 845 1437 852 ι

227 871 274 934 ita
284 877 318 932 ut
331 886 435 931 reuma
446 872 529 944 sunt,
544 866 744 947 appellantur.
757 868 836 927 Dum
845 865 918 927 huic
929 866 1151 946 postulatorum
1163 873 1285 929 tuorum
1296 870 1375 950 parti

228 967 310 1030 huuc
322 965 354 1029 in
368 963 495 1030 nundum
509 962 724 1040 satisfacimus,
736 962 890 1024 carissime
903 962 934 1023 in
947 962 1065 1024 OErristo
1082 962 1124 1023 tili
1143 970 1256 1041 noster,
1276 966 1319 1026 its
1338 965 1376 1026 dc

190 1124 196 1148 ‚
226 1073 280 1129 tus
302 1063 430 1144 pietate,
445 1080 481 1125 ac
501 1061 649 1141 sapientia
664 1060 855 1139 judicamus,
877 1067 910 1121 ut
925 1060 1085 1140 pecuniam
1104 1059 1198 1138 iilam,
1210 1062 1375 1139 cnjusdis-

227 1160 377 1225 tribuendi
391 1166 574 1241 potestatem
590 1158 645 1221 tibi
664 1157 810 1236 tammus,
829 1158 940 1219 utiliter
959 1166 1047 1238 atquc
1061 1158 1174 1237 optimc
1192 1160 1374 1223 collocatum

225 1259 261 1321 iri
279 1259 355 1321 certi
379 1259 442 1322 Nos
462 1257 574 1333 sunus,
599 1255 713 1318 idcirco
733 1256 986 1335 jucundissimum
1012 1255 1104 1318 Nobis
1123 1256 1181 1319 erit
1201 1257 1373 1336 huiusmodi

225 1357 396 1438 apostolico
413 1354 614 1417 concessionis
634 1374 707 1417 usus
726 1362 789 1416 ate
805 1355 876 1417 iacti
893 1356 1137 1437 descriptionem,
1158 1375 1252 1436 quam
1274 1366 1374 1420 trans-

226 1454 344 1516 mittere
364 1454 528 1534 polliceris,
544 1452 701 1532 inspicere,
718 1473 753 1514 ac
767 1472 846 1515 nova
865 1454 972 1516 exinde
988 1472 1096 1534 capere
1112 1460 1143 1513 et
1159 1455 1311 1534 religionis
1324 1476 1374 1518 ca-

226 1547 380 1630 ritatisque
399 1557 472 1626 tum,
490 1556 521 1609 et
540 1556 649 1610 nostra
662 1549 699 1610 de
712 1556 742 1611 te
755 1550 952 1628 iucunditatis
966 1556 1154 1629 argumenta.
1168 1552 1294 1614 Crateras
1304 1572 1373 1633 pos·

225 1646 389 1707 tutatorum
402 1653 523 1707 tuorum
532 1652 633 1725 partes
648 1654 793 1708 consueta
811 1648 927 1710 ratione
939 1668 975 1710 ac
986 1650 1034 1711 via
1047 1652 1223 1730 pertractari
1244 1653 1373 1714 nrauda-

116 1799 118 1811 ,
225 1743 332 1820 vimus,
352 1743 454 1824 eisque
469 1743 606 1823 expensis
621 1743 799 1806 confidimns
811 1745 891 1822 sore,
907 1751 941 1806 nt
952 1746 1060 1809 eodem
1071 1751 1159 1829 piane
1170 1749 1263 1810 modo
1285 1768 1373 1828 egre-

223 1839 395 1918 ginmhuuc
407 1840 629 1919 acsingnlsrem
639 1840 707 1905 inte
719 1848 879 1922 paternum
888 1844 1034 1923 ammam,
1048 1847 1102 1910 tibi
1111 1848 1208 1928 magis
1218 1849 1373 1927 magisque

225 1940 449 2003 confirmemus.
476 1938 620 2000 Dabimus
643 1939 733 2018 igitur
755 1960 890 2022 operam,
906 1950 940 2004 ut
957 1962 995 2006 ea
1014 1946 1079 2026 ipsa
1100 1944 1287 2026 propediem,
1303 1964 1372 2007 cnm

223 2037 363 2100 coniecta
376 2042 475 2111 erunt,
497 2036 599 2097 statim
615 2036 699 2111 adte
719 2036 901 2101 deierantur.
918 2043 1033 2104 Interea
1051 2045 1089 2104 ad
1104 2046 1289 2107 immortales
1307 2045 1373 2106 ilias
1473 2118 1476 2123 ¹

224 2135 335 2215 quibus
345 2133 471 2211 Regiam
482 2135 669 2212 Majestatem
683 2136 780 2195 Tuam
792 2137 899 2198 merito
913 2141 1103 2202 cumulamus
1121 2142 1234 2217 landes,
1254 2148 1373 2221 aposto

226 2232 290 2294 tice
304 2230 520 2294 benedictionis
542 2231 584 2293 ita
607 2250 717 2293 munus
740 2232 946 2313 adjungimus,
970 2246 1003 2299 ut
1024 2238 1107 2300 iiiam
1124 2239 1229 2301 divine
1248 2256 1321 2318 erga
1343 2244 1372 2298 te

225 2340 354 2412 tuosque
374 2332 483 2395 liberos
504 2350 685 2412 omnemque
707 2333 830 2413 Regiam
852 2337 980 2396 Domum
1006 2337 1198 2417 benignitatis
1219 2336 1372 2416 auspicem

221 2446 292 2491 esse
303 2429 436 2491 maxime
452 2430 612 2509 cupiamus
627 2447 663 2490 ac
678 2446 846 2509 precemur.
861 2432 976 2492 Dotem
991 2435 1102 2505 Romo,
1121 2442 1190 2507 eta,
1204 2435 1254 2497 die
1268 2444 1305 2494 ns
1313 2436 1373 2510 ju-
1401 2447 1408 2456 ·

220 2531 269 2587 aii
286 2538 378 2605 1770,
391 2531 581 2608 pontificatus
592 2533 687 2588 nostri
698 2545 777 2588 anuo
788 2530 930 2589 seeundo.

686 2765 891 2836 dxxxvii.

641 2894 831 2964 inuruntur
853 2923 963 2964 russas

403 2993 616 3087 uniuersae
637 3025 821 3085 urrscoro
842 3024 1193 3087 mannorommuo

533 3144 768 3225 CLEMENS
796 3147 923 3223 PAPA
952 3145 1058 3222 xsV.

1019 3299 1117 3356 Roma,
1131 3300 1158 3344 ts
1170 3293 1224 3356 jntii
1239 3296 1306 3345 itio.

266 3400 534 3473 Verecundiam.
550 3404 669 3482 Exque
680 3418 804 3464 causam
817 3401 994 3463 venerabilis
1012 3400 1090 3462 servi
1111 3399 1162 3461 Dei
1184 3399 1309 3461 Joannis
1330 3400 1371 3462 dc

224 3499 347 3562 Palaion
366 3499 606 3580 Angeiopnlitani
626 3499 699 3561 oiim
710 3498 843 3579 episcopi
858 3499 1030 3578 impositam
1041 3498 1106 3574 jam
1119 3495 1212 3557 Nobis
1232 3497 1370 3576 suscepi-

223 3615 303 3676 mus,
317 3616 353 3660 ex
369 3617 406 3661 eo
417 3605 554 3678 tempore
568 3597 848 3678 Augeiopoiitauam
861 3588 953 3657 etiam
964 3593 1120 3657 Dioecesim
1133 3593 1256 3670 ejusque
1268 3609 1369 3672 popu·
1408 3586 1410 3590 ’

221 3697 284 3757 lum
304 3695 627 3758 carissimumhabere
639 3695 804 3775 coepimnss
816 3696 914 3769 Quare
934 3710 971 3753 eo
987 3690 1180 3771 jucundiores
1194 3687 1286 3749 Nobis
1300 3689 1369 3750 iue-

221 3798 292 3854 runt
304 3799 362 3854 tum
374 3793 490 3869 littera,
514 3793 623 3873 quibus
636 3793 781 3855 certiores
798 3793 823 3851 N
827 3810 862 3853 os
886 3790 981 3851 iecisti
998 3788 1036 3850 de
1054 3794 1227 3866 susceptae
1247 3793 1279 3847 te
1293 3794 1368 3848 tuc-

220 3891 398 3970 quepnputn
410 3890 454 3973 op
462 3898 597 3953 nostram
612 3889 651 3952 ad
662 3907 815 3952 summum
824 3887 1034 3950 Pontificatum
1044 3885 1230 3947 evectionem
1243 3883 1365 3963 gaudio.

221 3984 276 4047 Cui
284 3991 383 4048 vestro
393 3980 538 4066 efflan
550 3986 686 4049 studioso
699 3987 817 4063 animo,
830 4003 866 4047 ac
877 3984 958 4045 filiali
973 3980 1167 4045 observantia
1176 3989 1206 4043 et
1216 3980 1367 4042 devotioni

220 4088 253 4145 nt
275 4082 374 4146 vicem
392 4083 573 4162 referamus,
599 4085 774 4147 curabimus
798 4102 888 4160 sane,
901 4089 935 4144 ut
948 4100 1008 4144 non
1031 4080 1143 4143 frustra
1160 4071 1263 4140 riostra
1275 4095 1367 4140 causa

220 4177 336 4244 tutatos
357 4200 412 4243 vos
440 4199 506 4244 esse
525 4182 705 4262 intelligatis.
723 4181 809 4256 Quod
828 4168 906 4243 eum'
920 4182 950 4242 in
969 4181 1110 4243 omnibus
1131 4179 1221 4241 rebus
1242 4180 1365 4256 vestris,

221 4281 287 4335 tum
298 4275 332 4337 in
349 4277 472 4357 metam
492 4297 586 4341 causa
604 4280 793 4360 potissimum
813 4298 866 4341 vos
885 4279 1057 4359 cognituros
1076 4276 1266 4339 confidimus.
1286 4275 1365 4340 Nihil

221 4372 303 4434 erum
321 4373 475 4438 mdentins
493 4378 843 4459 altomincexpetimus,
856 4396 949 4458 quam
966 4386 999 4439 ut
1017 4376 1274 4456 quemadmodum
1295 4379 1366 4441 hac·

221 4476 307 4530 tenus
327 4477 430 4534 nostra
449 4491 540 4554 opera
562 4493 737 4555 promovere
763 4476 859 4550 iliam,
889 4494 924 4537 ac
947 4474 1109 4555 provehere
1136 4474 1275 4554 dignatus
1301 4487 1364 4552 est,
