<?xml version="1.0" encoding="UTF-8"?>
<!DOCTYPE html PUBLIC "-//W3C//DTD XHTML 1.0 Transitional//EN"
    "http://www.w3.org/TR/xhtml1/DTD/xhtml1-transitional.dtd">
<html xmlns="http://www.w3.org/1999/xhtml" xml:lang="en" lang="en">
 <head>
  <title>
</title>
<meta http-equiv="Content-Type" content="text/html;charset=utf-8" />
  <meta name='ocr-system' content='tesseract 3.04.00' />
  <meta name='ocr-capabilities' content='ocr_page ocr_carea ocr_par ocr_line ocrx_word'/>
</head>
<body>
  <div class='ocr_page' id='page_1' title='image "./clementisxivpon01clemgoog_0210.png"; bbox 0 0 3194 5354; ppageno 0'>
   <div class='ocr_carea' id='block_1_1' title="bbox 400 522 1294 580">
    <p class='ocr_par' dir='ltr' id='par_1_1' title="bbox 400 522 1294 580">
     <span class='ocr_line' id='line_1_1' title="bbox 400 522 1294 580; baseline -0.002 0"><span class='ocrx_word' id='word_1_1' title='bbox 400 525 643 580; x_wconf 66' lang='lat' dir='ltr'><strong>epistolant</strong></span> <span class='ocrx_word' id='word_1_2' title='bbox 663 525 794 577; x_wconf 73' lang='lat' dir='ltr'><strong>Bntlvta</strong></span> <span class='ocrx_word' id='word_1_3' title='bbox 813 522 1043 577; x_wconf 75' lang='lat' dir='ltr'><strong>StILEc&#39;l&#39;rottt.</strong></span> <span class='ocrx_word' id='word_1_4' title='bbox 1245 527 1294 579; x_wconf 71' lang='lat' dir='ltr'><strong>tus</strong></span> 
     </span>
    </p>
   </div>
   <div class='ocr_carea' id='block_1_2' title="bbox 138 630 1359 3127">
    <p class='ocr_par' dir='ltr' id='par_1_2' title="bbox 138 630 1359 3127">
     <span class='ocr_line' id='line_1_2' title="bbox 147 630 1296 710; baseline -0.004 -16"><span class='ocrx_word' id='word_1_5' title='bbox 147 632 231 694; x_wconf 85' lang='lat' dir='ltr'><strong>rendi</strong></span> <span class='ocrx_word' id='word_1_6' title='bbox 245 632 417 707; x_wconf 80' lang='lat' dir='ltr'>necessitas,</span> <span class='ocrx_word' id='word_1_7' title='bbox 434 631 630 710; x_wconf 77' lang='lat' dir='ltr'><strong>legitimaque</strong></span> <span class='ocrx_word' id='word_1_8' title='bbox 643 638 803 710; x_wconf 83' lang='lat' dir='ltr'><strong>propterea</strong></span> <span class='ocrx_word' id='word_1_9' title='bbox 817 648 853 689; x_wconf 87' lang='lat' dir='ltr'><strong>ac</strong></span> <span class='ocrx_word' id='word_1_10' title='bbox 862 635 933 690; x_wconf 81' lang='lat' dir='ltr'><strong>tnta</strong></span> <span class='ocrx_word' id='word_1_11' title='bbox 947 641 1051 689; x_wconf 88' lang='lat' dir='ltr'><strong>coram</strong></span> <span class='ocrx_word' id='word_1_12' title='bbox 1066 630 1126 689; x_wconf 82' lang='lat' dir='ltr'><strong>neo</strong></span> <span class='ocrx_word' id='word_1_13' title='bbox 1136 634 1225 708; x_wconf 88' lang='lat' dir='ltr'><strong>atque</strong></span> <span class='ocrx_word' id='word_1_14' title='bbox 1241 630 1296 689; x_wconf 77' lang='lat' dir='ltr'><strong>lic·</strong></span> 
     </span>
     <span class='ocr_line' id='line_1_3' title="bbox 146 724 1295 808; baseline -0.002 -16"><span class='ocrx_word' id='word_1_15' title='bbox 146 731 237 792; x_wconf 79' lang='lat' dir='ltr'><strong>alesia</strong></span> <span class='ocrx_word' id='word_1_16' title='bbox 252 730 384 790; x_wconf 87' lang='lat' dir='ltr'><strong>actiones</strong></span> <span class='ocrx_word' id='word_1_17' title='bbox 398 728 443 788; x_wconf 78' lang='lat' dir='ltr'><strong>lta</strong></span> <span class='ocrx_word' id='word_1_18' title='bbox 463 734 568 788; x_wconf 80' lang='lat' dir='ltr'><strong>vestre</strong></span> <span class='ocrx_word' id='word_1_19' title='bbox 586 725 699 802; x_wconf 85' lang='lat' dir='ltr'><strong>tarent,</strong></span> <span class='ocrx_word' id='word_1_20' title='bbox 720 731 880 804; x_wconf 85' lang='lat' dir='ltr'><strong>ratumque</strong></span> <span class='ocrx_word' id='word_1_21' title='bbox 893 724 1042 805; x_wconf 74' lang='lat' dir='ltr'><strong>quidquia</strong></span> <span class='ocrx_word' id='word_1_22' title='bbox 1058 732 1119 786; x_wconf 89' lang='lat' dir='ltr'><strong>ato</strong></span> <span class='ocrx_word' id='word_1_23' title='bbox 1143 725 1295 808; x_wconf 52' lang='lat' dir='ltr'><strong>adfipsius</strong></span> 
     </span>
     <span class='ocr_line' id='line_1_4' title="bbox 145 821 1295 901; baseline -0.001 -13"><span class='ocrx_word' id='word_1_24' title='bbox 145 823 541 899; x_wconf 81' lang='lat' dir='ltr'><strong>monasteriiutilitatera,ac</strong></span> <span class='ocrx_word' id='word_1_25' title='bbox 551 821 795 901; x_wconf 75' lang='lat' dir='ltr'><strong>religiossmvita</strong></span> <span class='ocrx_word' id='word_1_26' title='bbox 801 822 950 884; x_wconf 58' lang='lat' dir='ltr'><strong>manem</strong></span> <span class='ocrx_word' id='word_1_27' title='bbox 957 821 1134 883; x_wconf 73' lang='lat' dir='ltr'><strong>sanciretur.</strong></span> <span class='ocrx_word' id='word_1_28' title='bbox 1144 823 1295 887; x_wconf 82' lang='lat' dir='ltr'><strong>Nasenim</strong></span> 
     </span>
     <span class='ocr_line' id='line_1_5' title="bbox 144 918 1294 1004; baseline -0.001 -20"><span class='ocrx_word' id='word_1_29' title='bbox 144 931 343 1004; x_wconf 74' lang='lat' dir='ltr'><strong>preterquam</strong></span> <span class='ocrx_word' id='word_1_30' title='bbox 366 920 449 1001; x_wconf 82' lang='lat' dir='ltr'><strong>quad</strong></span> <span class='ocrx_word' id='word_1_31' title='bbox 463 919 588 981; x_wconf 88' lang='lat' dir='ltr'><strong>minime</strong></span> <span class='ocrx_word' id='word_1_32' title='bbox 611 918 802 999; x_wconf 74' lang='lat' dir='ltr'><strong>agnoscimus</strong></span> <span class='ocrx_word' id='word_1_33' title='bbox 826 918 1026 982; x_wconf 82' lang='lat' dir='ltr'><strong>alterationis</strong></span> <span class='ocrx_word' id='word_1_34' title='bbox 1046 918 1294 998; x_wconf 65' lang='lat' dir='ltr'><strong>acharonitae,</strong></span> 
     </span>
     <span class='ocr_line' id='line_1_6' title="bbox 144 1016 1294 1100; baseline -0.002 -19"><span class='ocrx_word' id='word_1_35' title='bbox 144 1021 254 1100; x_wconf 84' lang='lat' dir='ltr'><strong>quibus</strong></span> <span class='ocrx_word' id='word_1_36' title='bbox 264 1018 448 1081; x_wconf 78' lang='lat' dir='ltr'><strong>decretalem</strong></span> <span class='ocrx_word' id='word_1_37' title='bbox 459 1016 626 1078; x_wconf 84' lang='lat' dir='ltr'><strong>Innocentii</strong></span> <span class='ocrx_word' id='word_1_38' title='bbox 640 1017 681 1078; x_wconf 93' lang='lat' dir='ltr'><strong>lll</strong></span> <span class='ocrx_word' id='word_1_39' title='bbox 693 1016 919 1096; x_wconf 80' lang='lat' dir='ltr'><strong>praedecessoris</strong></span> <span class='ocrx_word' id='word_1_40' title='bbox 937 1016 1033 1080; x_wconf 90' lang='lat' dir='ltr'><strong>nostri</strong></span> <span class='ocrx_word' id='word_1_41' title='bbox 1046 1035 1116 1097; x_wconf 84' lang='lat' dir='ltr'><strong>cap.</strong></span> <span class='ocrx_word' id='word_1_42' title='bbox 1130 1017 1207 1079; x_wconf 86' lang='lat' dir='ltr'><strong>Cum</strong></span> <span class='ocrx_word' id='word_1_43' title='bbox 1216 1023 1294 1079; x_wconf 84' lang='lat' dir='ltr'><strong>tem·</strong></span> 
     </span>
     <span class='ocr_line' id='line_1_7' title="bbox 143 1113 1294 1196; baseline -0.002 -18"><span class='ocrx_word' id='word_1_44' title='bbox 143 1129 217 1196; x_wconf 78' lang='lat' dir='ltr'><strong>parm</strong></span> <span class='ocrx_word' id='word_1_45' title='bbox 232 1116 293 1178; x_wconf 77' lang='lat' dir='ltr'><strong>att.</strong></span> <span class='ocrx_word' id='word_1_46' title='bbox 303 1115 343 1177; x_wconf 90' lang='lat' dir='ltr'><strong>de</strong></span> <span class='ocrx_word' id='word_1_47' title='bbox 356 1113 496 1176; x_wconf 73' lang='lat' dir='ltr'><strong>Arbitris.</strong></span> <span class='ocrx_word' id='word_1_48' title='bbox 510 1122 572 1175; x_wconf 88' lang='lat' dir='ltr'><strong>nan</strong></span> <span class='ocrx_word' id='word_1_49' title='bbox 583 1113 695 1175; x_wconf 87' lang='lat' dir='ltr'><strong>babere</strong></span> <span class='ocrx_word' id='word_1_50' title='bbox 706 1113 768 1176; x_wconf 83' lang='lat' dir='ltr'><strong>vim</strong></span> <span class='ocrx_word' id='word_1_51' title='bbox 779 1114 852 1193; x_wconf 76' lang='lat' dir='ltr'><strong>legis</strong></span> <span class='ocrx_word' id='word_1_52' title='bbox 864 1113 953 1176; x_wconf 88' lang='lat' dir='ltr'><strong>isthic</strong></span> <span class='ocrx_word' id='word_1_53' title='bbox 966 1113 1170 1191; x_wconf 85' lang='lat' dir='ltr'><strong>contenditur,</strong></span> <span class='ocrx_word' id='word_1_54' title='bbox 1185 1132 1294 1196; x_wconf 50' lang='lat' dir='ltr'><strong>supera</strong></span> 
     </span>
     <span class='ocr_line' id='line_1_8' title="bbox 144 1209 1294 1291; baseline 0 -21"><span class='ocrx_word' id='word_1_55' title='bbox 144 1227 307 1275; x_wconf 74' lang='lat' dir='ltr'><strong>vacaneum</strong></span> <span class='ocrx_word' id='word_1_56' title='bbox 320 1231 403 1274; x_wconf 91' lang='lat' dir='ltr'><strong>nunc</strong></span> <span class='ocrx_word' id='word_1_57' title='bbox 414 1231 480 1274; x_wconf 86' lang='lat' dir='ltr'><strong>esse</strong></span> <span class='ocrx_word' id='word_1_58' title='bbox 493 1211 573 1274; x_wconf 89' lang='lat' dir='ltr'><strong>banc</strong></span> <span class='ocrx_word' id='word_1_59' title='bbox 587 1212 625 1273; x_wconf 91' lang='lat' dir='ltr'><strong>de</strong></span> <span class='ocrx_word' id='word_1_60' title='bbox 638 1231 675 1273; x_wconf 89' lang='lat' dir='ltr'><strong>ea</strong></span> <span class='ocrx_word' id='word_1_61' title='bbox 690 1211 837 1273; x_wconf 83' lang='lat' dir='ltr'><strong>Decretali</strong></span> <span class='ocrx_word' id='word_1_62' title='bbox 848 1211 1045 1291; x_wconf 70' lang='lat' dir='ltr'><strong>quesnonom</strong></span> <span class='ocrx_word' id='word_1_63' title='bbox 1055 1209 1209 1289; x_wconf 84' lang='lat' dir='ltr'><strong>videmus,</strong></span> <span class='ocrx_word' id='word_1_64' title='bbox 1222 1227 1294 1271; x_wconf 90' lang='lat' dir='ltr'><strong>cum</strong></span> 
     </span>
     <span class='ocr_line' id='line_1_9' title="bbox 142 1307 1293 1388; baseline -0.001 -19"><span class='ocrx_word' id='word_1_65' title='bbox 142 1309 215 1372; x_wconf 87' lang='lat' dir='ltr'><strong>illud</strong></span> <span class='ocrx_word' id='word_1_66' title='bbox 229 1311 447 1373; x_wconf 81' lang='lat' dir='ltr'><strong>monasterium</strong></span> <span class='ocrx_word' id='word_1_67' title='bbox 467 1309 507 1370; x_wconf 90' lang='lat' dir='ltr'><strong>sit</strong></span> <span class='ocrx_word' id='word_1_68' title='bbox 530 1309 560 1370; x_wconf 95' lang='lat' dir='ltr'><strong>in</strong></span> <span class='ocrx_word' id='word_1_69' title='bbox 583 1309 762 1388; x_wconf 77' lang='lat' dir='ltr'><strong>Bmgundin</strong></span> <span class='ocrx_word' id='word_1_70' title='bbox 776 1308 942 1387; x_wconf 76' lang='lat' dir='ltr'><strong>Comitem,</strong></span> <span class='ocrx_word' id='word_1_71' title='bbox 966 1307 1017 1369; x_wconf 90' lang='lat' dir='ltr'><strong>ubi</strong></span> <span class='ocrx_word' id='word_1_72' title='bbox 1031 1307 1187 1371; x_wconf 84' lang='lat' dir='ltr'><strong>recordari</strong></span> <span class='ocrx_word' id='word_1_73' title='bbox 1207 1307 1293 1370; x_wconf 88' lang='lat' dir='ltr'><strong>lacilc</strong></span> 
     </span>
     <span class='ocr_line' id='line_1_10' title="bbox 143 1404 1294 1488; baseline -0.001 -19"><span class='ocrx_word' id='word_1_74' title='bbox 143 1414 247 1486; x_wconf 88' lang='lat' dir='ltr'><strong>potes,</strong></span> <span class='ocrx_word' id='word_1_75' title='bbox 261 1404 370 1469; x_wconf 87' lang='lat' dir='ltr'><strong>dilecte</strong></span> <span class='ocrx_word' id='word_1_76' title='bbox 382 1408 424 1469; x_wconf 86' lang='lat' dir='ltr'><strong>fili</strong></span> <span class='ocrx_word' id='word_1_77' title='bbox 442 1419 556 1484; x_wconf 86' lang='lat' dir='ltr'><strong>noster,</strong></span> <span class='ocrx_word' id='word_1_78' title='bbox 575 1414 604 1468; x_wconf 89' lang='lat' dir='ltr'><strong>te</strong></span> <span class='ocrx_word' id='word_1_79' title='bbox 624 1407 725 1488; x_wconf 84' lang='lat' dir='ltr'><strong>ipsnnr</strong></span> <span class='ocrx_word' id='word_1_80' title='bbox 741 1408 816 1468; x_wconf 89' lang='lat' dir='ltr'><strong>alias</strong></span> <span class='ocrx_word' id='word_1_81' title='bbox 825 1407 994 1469; x_wconf 70' lang='lat' dir='ltr'>declarasse</span> <span class='ocrx_word' id='word_1_82' title='bbox 1012 1414 1043 1468; x_wconf 88' lang='lat' dir='ltr'><strong>et</strong></span> <span class='ocrx_word' id='word_1_83' title='bbox 1061 1406 1244 1484; x_wconf 73' lang='lat' dir='ltr'><strong>decretales,</strong></span> <span class='ocrx_word' id='word_1_84' title='bbox 1263 1416 1294 1468; x_wconf 85' lang='lat' dir='ltr'><strong>et</strong></span> 
     </span>
     <span class='ocr_line' id='line_1_11' title="bbox 143 1503 1293 1586; baseline -0.001 -21"><span class='ocrx_word' id='word_1_85' title='bbox 143 1504 318 1567; x_wconf 82' lang='lat' dir='ltr'><strong>universum</strong></span> <span class='ocrx_word' id='word_1_86' title='bbox 337 1522 448 1586; x_wconf 87' lang='lat' dir='ltr'><strong>corpus</strong></span> <span class='ocrx_word' id='word_1_87' title='bbox 457 1505 535 1584; x_wconf 80' lang='lat' dir='ltr'><strong>juris</strong></span> <span class='ocrx_word' id='word_1_88' title='bbox 550 1506 730 1568; x_wconf 85' lang='lat' dir='ltr'><strong>canonicum</strong></span> <span class='ocrx_word' id='word_1_89' title='bbox 750 1522 837 1568; x_wconf 88' lang='lat' dir='ltr'><strong>snam</strong></span> <span class='ocrx_word' id='word_1_90' title='bbox 851 1506 913 1567; x_wconf 85' lang='lat' dir='ltr'><strong>vim</strong></span> <span class='ocrx_word' id='word_1_91' title='bbox 930 1505 1004 1584; x_wconf 80' lang='lat' dir='ltr'><strong>legis</strong></span> <span class='ocrx_word' id='word_1_92' title='bbox 1023 1504 1161 1566; x_wconf 89' lang='lat' dir='ltr'><strong>retinere.</strong></span> <span class='ocrx_word' id='word_1_93' title='bbox 1178 1503 1237 1564; x_wconf 90' lang='lat' dir='ltr'><strong>Sed</strong></span> <span class='ocrx_word' id='word_1_94' title='bbox 1255 1503 1293 1565; x_wconf 88' lang='lat' dir='ltr'><strong>de</strong></span> 
     </span>
     <span class='ocr_line' id='line_1_12' title="bbox 144 1598 1293 1684; baseline 0.002 -23"><span class='ocrx_word' id='word_1_95' title='bbox 144 1600 192 1662; x_wconf 86' lang='lat' dir='ltr'><strong>bls</strong></span> <span class='ocrx_word' id='word_1_96' title='bbox 204 1598 292 1682; x_wconf 83' lang='lat' dir='ltr'><strong>ipsis,</strong></span> <span class='ocrx_word' id='word_1_97' title='bbox 305 1601 403 1684; x_wconf 87' lang='lat' dir='ltr'><strong>deque</strong></span> <span class='ocrx_word' id='word_1_98' title='bbox 415 1602 589 1682; x_wconf 82' lang='lat' dir='ltr'><strong>hujusmodi</strong></span> <span class='ocrx_word' id='word_1_99' title='bbox 604 1603 682 1678; x_wconf 91' lang='lat' dir='ltr'><strong>aliis,</strong></span> <span class='ocrx_word' id='word_1_100' title='bbox 696 1621 763 1682; x_wconf 82' lang='lat' dir='ltr'><strong>qna</strong></span> <span class='ocrx_word' id='word_1_101' title='bbox 774 1602 806 1664; x_wconf 92' lang='lat' dir='ltr'><strong>in</strong></span> <span class='ocrx_word' id='word_1_102' title='bbox 816 1603 943 1683; x_wconf 89' lang='lat' dir='ltr'><strong>epistola</strong></span> <span class='ocrx_word' id='word_1_103' title='bbox 952 1609 1005 1663; x_wconf 92' lang='lat' dir='ltr'><strong>tua</strong></span> <span class='ocrx_word' id='word_1_104' title='bbox 1018 1601 1210 1663; x_wconf 86' lang='lat' dir='ltr'><strong>eontinentur</strong></span> <span class='ocrx_word' id='word_1_105' title='bbox 1221 1600 1293 1663; x_wconf 77' lang='lat' dir='ltr'><strong>ube</strong></span> 
     </span>
     <span class='ocr_line' id='line_1_13' title="bbox 141 1697 1293 1780; baseline 0.001 -22"><span class='ocrx_word' id='word_1_106' title='bbox 141 1699 205 1759; x_wconf 87' lang='lat' dir='ltr'><strong>rins</strong></span> <span class='ocrx_word' id='word_1_107' title='bbox 216 1699 362 1780; x_wconf 71' lang='lat' dir='ltr'><strong>intelliges</strong></span> <span class='ocrx_word' id='word_1_108' title='bbox 370 1718 406 1763; x_wconf 85' lang='lat' dir='ltr'><strong>ex</strong></span> <span class='ocrx_word' id='word_1_109' title='bbox 418 1700 587 1762; x_wconf 87' lang='lat' dir='ltr'><strong>Venerabili</strong></span> <span class='ocrx_word' id='word_1_110' title='bbox 601 1701 705 1761; x_wconf 77' lang='lat' dir='ltr'><strong>Fratre</strong></span> <span class='ocrx_word' id='word_1_111' title='bbox 718 1697 904 1764; x_wconf 82' lang='lat' dir='ltr'><strong>Bemardino</strong></span> <span class='ocrx_word' id='word_1_112' title='bbox 913 1697 1147 1778; x_wconf 76' lang='lat' dir='ltr'><strong>archiepiscopo</strong></span> <span class='ocrx_word' id='word_1_113' title='bbox 1163 1699 1293 1759; x_wconf 82' lang='lat' dir='ltr'><strong>Damas-</strong></span> 
     </span>
     <span class='ocr_line' id='line_1_14' title="bbox 141 1797 1291 1882; baseline -0.002 -22"><span class='ocrx_word' id='word_1_114' title='bbox 141 1806 217 1860; x_wconf 88' lang='lat' dir='ltr'><strong>ceno</strong></span> <span class='ocrx_word' id='word_1_115' title='bbox 239 1801 357 1862; x_wconf 80' lang='lat' dir='ltr'><strong>Nmrcia</strong></span> <span class='ocrx_word' id='word_1_116' title='bbox 378 1807 499 1876; x_wconf 89' lang='lat' dir='ltr'><strong>nostro,</strong></span> <span class='ocrx_word' id='word_1_117' title='bbox 519 1801 558 1863; x_wconf 88' lang='lat' dir='ltr'><strong>ad</strong></span> <span class='ocrx_word' id='word_1_118' title='bbox 577 1819 669 1882; x_wconf 87' lang='lat' dir='ltr'><strong>quem</strong></span> <span class='ocrx_word' id='word_1_119' title='bbox 690 1808 830 1863; x_wconf 86' lang='lat' dir='ltr'><strong>accurate</strong></span> <span class='ocrx_word' id='word_1_120' title='bbox 847 1799 991 1881; x_wconf 77' lang='lat' dir='ltr'><strong>prescribi</strong></span> <span class='ocrx_word' id='word_1_121' title='bbox 1013 1797 1210 1874; x_wconf 75' lang='lat' dir='ltr'><strong>utendarum,</strong></span> <span class='ocrx_word' id='word_1_122' title='bbox 1224 1816 1291 1878; x_wconf 77' lang='lat' dir='ltr'><strong>qua</strong></span> 
     </span>
     <span class='ocr_line' id='line_1_15' title="bbox 142 1895 1291 1978; baseline 0.001 -23"><span class='ocrx_word' id='word_1_123' title='bbox 142 1895 180 1955; x_wconf 89' lang='lat' dir='ltr'><strong>ad</strong></span> <span class='ocrx_word' id='word_1_124' title='bbox 201 1910 265 1958; x_wconf 86' lang='lat' dir='ltr'><strong>rem</strong></span> <span class='ocrx_word' id='word_1_125' title='bbox 281 1897 449 1978; x_wconf 76' lang='lat' dir='ltr'><strong>pertinent,</strong></span> <span class='ocrx_word' id='word_1_126' title='bbox 466 1915 592 1978; x_wconf 80' lang='lat' dir='ltr'><strong>quaeque</strong></span> <span class='ocrx_word' id='word_1_127' title='bbox 609 1897 713 1959; x_wconf 82' lang='lat' dir='ltr'><strong>reterri</strong></span> <span class='ocrx_word' id='word_1_128' title='bbox 730 1898 786 1960; x_wconf 88' lang='lat' dir='ltr'><strong>tibl</strong></span> <span class='ocrx_word' id='word_1_129' title='bbox 805 1905 911 1961; x_wconf 88' lang='lat' dir='ltr'><strong>nostro</strong></span> <span class='ocrx_word' id='word_1_130' title='bbox 927 1897 1049 1959; x_wconf 89' lang='lat' dir='ltr'><strong>nomine</strong></span> <span class='ocrx_word' id='word_1_131' title='bbox 1067 1915 1104 1958; x_wconf 86' lang='lat' dir='ltr'><strong>ac</strong></span> <span class='ocrx_word' id='word_1_132' title='bbox 1116 1896 1291 1976; x_wconf 86' lang='lat' dir='ltr'><strong>responderi</strong></span> 
     </span>
     <span class='ocr_line' id='line_1_16' title="bbox 142 1992 1291 2077; baseline -0.003 -23"><span class='ocrx_word' id='word_1_133' title='bbox 142 1993 291 2056; x_wconf 78' lang='lat' dir='ltr'><strong>volumus.</strong></span> <span class='ocrx_word' id='word_1_134' title='bbox 304 1996 391 2069; x_wconf 82' lang='lat' dir='ltr'><strong>Quod</strong></span> <span class='ocrx_word' id='word_1_135' title='bbox 404 1995 553 2076; x_wconf 88' lang='lat' dir='ltr'><strong>reliquum</strong></span> <span class='ocrx_word' id='word_1_136' title='bbox 573 2003 636 2074; x_wconf 87' lang='lat' dir='ltr'><strong>est,</strong></span> <span class='ocrx_word' id='word_1_137' title='bbox 651 1996 716 2057; x_wconf 77' lang='lat' dir='ltr'><strong>alia</strong></span> <span class='ocrx_word' id='word_1_138' title='bbox 731 2003 941 2077; x_wconf 84' lang='lat' dir='ltr'><strong>erernptorum</strong></span> <span class='ocrx_word' id='word_1_139' title='bbox 954 1992 1207 2057; x_wconf 78' lang='lat' dir='ltr'><strong>monasteriorum</strong></span> <span class='ocrx_word' id='word_1_140' title='bbox 1221 2011 1291 2052; x_wconf 90' lang='lat' dir='ltr'><strong>mo-</strong></span> 
     </span>
     <span class='ocr_line' id='line_1_17' title="bbox 138 2090 1291 2175; baseline -0.003 -23"><span class='ocrx_word' id='word_1_141' title='bbox 138 2091 248 2169; x_wconf 86' lang='lat' dir='ltr'><strong>niales,</strong></span> <span class='ocrx_word' id='word_1_142' title='bbox 263 2110 330 2172; x_wconf 83' lang='lat' dir='ltr'><strong>qnae</strong></span> <span class='ocrx_word' id='word_1_143' title='bbox 343 2093 466 2154; x_wconf 79' lang='lat' dir='ltr'><strong>subesse</strong></span> <span class='ocrx_word' id='word_1_144' title='bbox 483 2093 662 2156; x_wconf 74' lang='lat' dir='ltr'><strong>immediate</strong></span> <span class='ocrx_word' id='word_1_145' title='bbox 673 2098 733 2156; x_wconf 85' lang='lat' dir='ltr'><strong>ture</strong></span> <span class='ocrx_word' id='word_1_146' title='bbox 741 2093 904 2175; x_wconf 87' lang='lat' dir='ltr'><strong>episcopali</strong></span> <span class='ocrx_word' id='word_1_147' title='bbox 913 2090 1114 2171; x_wconf 80' lang='lat' dir='ltr'><strong>jurisdictioni</strong></span> <span class='ocrx_word' id='word_1_148' title='bbox 1127 2090 1291 2152; x_wconf 79' lang='lat' dir='ltr'><strong>venemen-</strong></span> 
     </span>
     <span class='ocr_line' id='line_1_18' title="bbox 138 2187 1290 2272; baseline -0.002 -24"><span class='ocrx_word' id='word_1_149' title='bbox 138 2195 196 2265; x_wconf 85' lang='lat' dir='ltr'><strong>ter,</strong></span> <span class='ocrx_word' id='word_1_150' title='bbox 209 2195 244 2250; x_wconf 91' lang='lat' dir='ltr'><strong>ut</strong></span> <span class='ocrx_word' id='word_1_151' title='bbox 262 2190 382 2263; x_wconf 89' lang='lat' dir='ltr'><strong>scribis,</strong></span> <span class='ocrx_word' id='word_1_152' title='bbox 405 2197 563 2271; x_wconf 87' lang='lat' dir='ltr'><strong>exoptant,</strong></span> <span class='ocrx_word' id='word_1_153' title='bbox 578 2191 641 2253; x_wconf 72' lang='lat' dir='ltr'><strong>baa</strong></span> <span class='ocrx_word' id='word_1_154' title='bbox 655 2210 673 2253; x_wconf 90' lang='lat' dir='ltr'><strong>a</strong></span> <span class='ocrx_word' id='word_1_155' title='bbox 688 2190 781 2253; x_wconf 87' lang='lat' dir='ltr'><strong>Nobis</strong></span> <span class='ocrx_word' id='word_1_156' title='bbox 792 2191 945 2272; x_wconf 86' lang='lat' dir='ltr'><strong>postulare</strong></span> <span class='ocrx_word' id='word_1_157' title='bbox 968 2189 1040 2269; x_wconf 74' lang='lat' dir='ltr'><strong>ipsa</strong></span> <span class='ocrx_word' id='word_1_158' title='bbox 1055 2187 1184 2258; x_wconf 86' lang='lat' dir='ltr'><strong>debent,</strong></span> <span class='ocrx_word' id='word_1_159' title='bbox 1197 2193 1290 2266; x_wconf 82' lang='lat' dir='ltr'><strong>tuque</strong></span> 
     </span>
     <span class='ocr_line' id='line_1_19' title="bbox 139 2282 1288 2369; baseline -0.003 -23"><span class='ocrx_word' id='word_1_160' title='bbox 139 2292 216 2363; x_wconf 84' lang='lat' dir='ltr'><strong>una,</strong></span> <span class='ocrx_word' id='word_1_161' title='bbox 232 2286 339 2349; x_wconf 88' lang='lat' dir='ltr'><strong>dilecte</strong></span> <span class='ocrx_word' id='word_1_162' title='bbox 353 2288 396 2350; x_wconf 87' lang='lat' dir='ltr'><strong>tili</strong></span> <span class='ocrx_word' id='word_1_163' title='bbox 413 2296 526 2366; x_wconf 85' lang='lat' dir='ltr'><strong>noster,</strong></span> <span class='ocrx_word' id='word_1_164' title='bbox 541 2290 628 2368; x_wconf 84' lang='lat' dir='ltr'><strong>cnjus</strong></span> <span class='ocrx_word' id='word_1_165' title='bbox 638 2288 753 2367; x_wconf 77' lang='lat' dir='ltr'><strong>iudicio</strong></span> <span class='ocrx_word' id='word_1_166' title='bbox 766 2287 992 2369; x_wconf 82' lang='lat' dir='ltr'><strong>prudentiaque</strong></span> <span class='ocrx_word' id='word_1_167' title='bbox 1005 2284 1136 2348; x_wconf 84' lang='lat' dir='ltr'><strong>maxime</strong></span> <span class='ocrx_word' id='word_1_168' title='bbox 1152 2282 1288 2360; x_wconf 85' lang='lat' dir='ltr'><strong>fidimus,</strong></span> 
     </span>
     <span class='ocr_line' id='line_1_20' title="bbox 138 2381 1290 2467; baseline -0.002 -24"><span class='ocrx_word' id='word_1_169' title='bbox 138 2390 212 2445; x_wconf 93' lang='lat' dir='ltr'><strong>tunc</strong></span> <span class='ocrx_word' id='word_1_170' title='bbox 228 2384 266 2447; x_wconf 90' lang='lat' dir='ltr'><strong>ad</strong></span> <span class='ocrx_word' id='word_1_171' title='bbox 277 2386 339 2446; x_wconf 88' lang='lat' dir='ltr'><strong>Nos</strong></span> <span class='ocrx_word' id='word_1_172' title='bbox 356 2386 559 2447; x_wconf 78' lang='lat' dir='ltr'><strong>transmittere</strong></span> <span class='ocrx_word' id='word_1_173' title='bbox 575 2403 774 2467; x_wconf 55' lang='lat' dir='ltr'><strong>Quinque</strong></span> <span class='ocrx_word' id='word_1_174' title='bbox 787 2385 825 2446; x_wconf 91' lang='lat' dir='ltr'><strong>ad</strong></span> <span class='ocrx_word' id='word_1_175' title='bbox 838 2384 1004 2448; x_wconf 91' lang='lat' dir='ltr'><strong>eorundem</strong></span> <span class='ocrx_word' id='word_1_176' title='bbox 1018 2381 1223 2456; x_wconf 78' lang='lat' dir='ltr'><strong>fundationes,</strong></span> <span class='ocrx_word' id='word_1_177' title='bbox 1239 2399 1290 2441; x_wconf 87' lang='lat' dir='ltr'><strong>re-</strong></span> 
     </span>
     <span class='ocr_line' id='line_1_21' title="bbox 139 2479 1289 2564; baseline -0.003 -21"><span class='ocrx_word' id='word_1_178' title='bbox 139 2482 240 2560; x_wconf 79' lang='lat' dir='ltr'><strong>gulas,</strong></span> <span class='ocrx_word' id='word_1_179' title='bbox 261 2483 414 2564; x_wconf 68' lang='lat' dir='ltr'><strong>priuilegia</strong></span> <span class='ocrx_word' id='word_1_180' title='bbox 426 2502 462 2544; x_wconf 86' lang='lat' dir='ltr'><strong>aa</strong></span> <span class='ocrx_word' id='word_1_181' title='bbox 480 2492 658 2564; x_wconf 77' lang='lat' dir='ltr'><strong>presentem</strong></span> <span class='ocrx_word' id='word_1_182' title='bbox 676 2496 779 2546; x_wconf 87' lang='lat' dir='ltr'><strong>rernm</strong></span> <span class='ocrx_word' id='word_1_183' title='bbox 797 2483 933 2545; x_wconf 86' lang='lat' dir='ltr'><strong>omnium</strong></span> <span class='ocrx_word' id='word_1_184' title='bbox 947 2489 1061 2544; x_wconf 88' lang='lat' dir='ltr'><strong>statum</strong></span> <span class='ocrx_word' id='word_1_185' title='bbox 1076 2479 1242 2560; x_wconf 88' lang='lat' dir='ltr'><strong>pertinent,</strong></span> <span class='ocrx_word' id='word_1_186' title='bbox 1256 2487 1289 2540; x_wconf 89' lang='lat' dir='ltr'><strong>ut</strong></span> 
     </span>
     <span class='ocr_line' id='line_1_22' title="bbox 139 2578 1288 2663; baseline -0.001 -24"><span class='ocrx_word' id='word_1_187' title='bbox 139 2578 184 2641; x_wconf 90' lang='lat' dir='ltr'><strong>bis</strong></span> <span class='ocrx_word' id='word_1_188' title='bbox 195 2581 352 2661; x_wconf 85' lang='lat' dir='ltr'><strong>perspicue</strong></span> <span class='ocrx_word' id='word_1_189' title='bbox 364 2581 506 2662; x_wconf 80' lang='lat' dir='ltr'><strong>cognitis,</strong></span> <span class='ocrx_word' id='word_1_190' title='bbox 519 2582 680 2644; x_wconf 87' lang='lat' dir='ltr'><strong>decernere</strong></span> <span class='ocrx_word' id='word_1_191' title='bbox 690 2583 747 2644; x_wconf 86' lang='lat' dir='ltr'><strong>rite</strong></span> <span class='ocrx_word' id='word_1_192' title='bbox 756 2581 840 2663; x_wconf 87' lang='lat' dir='ltr'><strong>quad</strong></span> <span class='ocrx_word' id='word_1_193' title='bbox 850 2599 888 2642; x_wconf 84' lang='lat' dir='ltr'><strong>err</strong></span> <span class='ocrx_word' id='word_1_194' title='bbox 900 2586 1005 2642; x_wconf 86' lang='lat' dir='ltr'><strong>nostra</strong></span> <span class='ocrx_word' id='word_1_195' title='bbox 1017 2580 1172 2659; x_wconf 81' lang='lat' dir='ltr'><strong>equitate,</strong></span> <span class='ocrx_word' id='word_1_196' title='bbox 1189 2597 1288 2639; x_wconf 84' lang='lat' dir='ltr'><strong>aceo-</strong></span> 
     </span>
     <span class='ocr_line' id='line_1_23' title="bbox 139 2664 1359 2757; baseline -0.002 -18"><span class='ocrx_word' id='word_1_197' title='bbox 139 2674 278 2739; x_wconf 75' lang='lat' dir='ltr'><strong>minden</strong></span> <span class='ocrx_word' id='word_1_198' title='bbox 289 2679 416 2740; x_wconf 88' lang='lat' dir='ltr'><strong>utilitate</strong></span> <span class='ocrx_word' id='word_1_199' title='bbox 435 2677 472 2739; x_wconf 89' lang='lat' dir='ltr'><strong>sit</strong></span> <span class='ocrx_word' id='word_1_200' title='bbox 485 2681 650 2741; x_wconf 87' lang='lat' dir='ltr'><strong>valeamus.</strong></span> <span class='ocrx_word' id='word_1_201' title='bbox 668 2683 798 2742; x_wconf 86' lang='lat' dir='ltr'><strong>Demurn</strong></span> <span class='ocrx_word' id='word_1_202' title='bbox 809 2681 840 2740; x_wconf 91' lang='lat' dir='ltr'><strong>in</strong></span> <span class='ocrx_word' id='word_1_203' title='bbox 854 2680 1038 2742; x_wconf 86' lang='lat' dir='ltr'><strong>cumulatius</strong></span> <span class='ocrx_word' id='word_1_204' title='bbox 1048 2686 1158 2740; x_wconf 80' lang='lat' dir='ltr'><strong>nostra</strong></span> <span class='ocrx_word' id='word_1_205' title='bbox 1175 2696 1247 2757; x_wconf 82' lang='lat' dir='ltr'><strong>arga</strong></span> <span class='ocrx_word' id='word_1_206' title='bbox 1259 2684 1288 2737; x_wconf 84' lang='lat' dir='ltr'><strong>te</strong></span> <span class='ocrx_word' id='word_1_207' title='bbox 1357 2664 1359 2669; x_wconf 57' lang='grc'>’</span> 
     </span>
     <span class='ocr_line' id='line_1_24' title="bbox 138 2775 1288 2859; baseline 0 -24"><span class='ocrx_word' id='word_1_208' title='bbox 138 2782 268 2853; x_wconf 76' lang='lat' dir='ltr'><strong>paternae</strong></span> <span class='ocrx_word' id='word_1_209' title='bbox 276 2776 411 2840; x_wconf 87' lang='lat' dir='ltr'><strong>caritatls</strong></span> <span class='ocrx_word' id='word_1_210' title='bbox 422 2787 632 2858; x_wconf 71' lang='lat' dir='ltr'><strong>argumentum</strong></span> <span class='ocrx_word' id='word_1_211' title='bbox 642 2779 838 2859; x_wconf 88' lang='lat' dir='ltr'><strong>apostolicam</strong></span> <span class='ocrx_word' id='word_1_212' title='bbox 848 2778 1088 2840; x_wconf 88' lang='lat' dir='ltr'><strong>benedictionem</strong></span> <span class='ocrx_word' id='word_1_213' title='bbox 1101 2776 1165 2852; x_wconf 89' lang='lat' dir='ltr'><strong>tibi,</strong></span> <span class='ocrx_word' id='word_1_214' title='bbox 1180 2775 1288 2836; x_wconf 85' lang='lat' dir='ltr'><strong>dilecte</strong></span> 
     </span>
     <span class='ocr_line' id='line_1_25' title="bbox 139 2870 1285 2955; baseline 0.001 -25"><span class='ocrx_word' id='word_1_215' title='bbox 139 2870 179 2930; x_wconf 87' lang='lat' dir='ltr'><strong>llll</strong></span> <span class='ocrx_word' id='word_1_216' title='bbox 198 2879 315 2948; x_wconf 81' lang='lat' dir='ltr'><strong>noster,</strong></span> <span class='ocrx_word' id='word_1_217' title='bbox 334 2880 453 2954; x_wconf 77' lang='lat' dir='ltr'><strong>tneque</strong></span> <span class='ocrx_word' id='word_1_218' title='bbox 475 2874 545 2934; x_wconf 90' lang='lat' dir='ltr'><strong>tldei</strong></span> <span class='ocrx_word' id='word_1_219' title='bbox 564 2875 728 2936; x_wconf 90' lang='lat' dir='ltr'><strong>commisso</strong></span> <span class='ocrx_word' id='word_1_220' title='bbox 747 2875 861 2955; x_wconf 88' lang='lat' dir='ltr'><strong>populo</strong></span> <span class='ocrx_word' id='word_1_221' title='bbox 877 2881 1069 2954; x_wconf 89' lang='lat' dir='ltr'><strong>peramanter</strong></span> <span class='ocrx_word' id='word_1_222' title='bbox 1086 2871 1285 2951; x_wconf 84' lang='lat' dir='ltr'><strong>impertimur.</strong></span> 
     </span>
     <span class='ocr_line' id='line_1_26' title="bbox 138 2966 1287 3048; baseline -0.001 -19"><span class='ocrx_word' id='word_1_223' title='bbox 138 2971 252 3030; x_wconf 80' lang='lat' dir='ltr'><strong>Dntatn</strong></span> <span class='ocrx_word' id='word_1_224' title='bbox 271 2966 386 3046; x_wconf 74' lang='lat' dir='ltr'><strong>Romu,</strong></span> <span class='ocrx_word' id='word_1_225' title='bbox 400 2981 472 3048; x_wconf 75' lang='lat' dir='ltr'><strong>etc,</strong></span> <span class='ocrx_word' id='word_1_226' title='bbox 490 2974 538 3030; x_wconf 81' lang='lat' dir='ltr'><strong>dte</strong></span> <span class='ocrx_word' id='word_1_227' title='bbox 556 2973 766 3030; x_wconf 79' lang='lat' dir='ltr'><strong>rudecemdris</strong></span> <span class='ocrx_word' id='word_1_228' title='bbox 784 2979 870 3046; x_wconf 81' lang='lat' dir='ltr'><strong>rtar,</strong></span> <span class='ocrx_word' id='word_1_229' title='bbox 887 2975 1079 3047; x_wconf 76' lang='lat' dir='ltr'><strong>pontificatus</strong></span> <span class='ocrx_word' id='word_1_230' title='bbox 1095 2973 1190 3028; x_wconf 80' lang='lat' dir='ltr'><strong>nostri</strong></span> <span class='ocrx_word' id='word_1_231' title='bbox 1208 2987 1287 3029; x_wconf 74' lang='lat' dir='ltr'><strong>aaran</strong></span> 
     </span>
     <span class='ocr_line' id='line_1_27' title="bbox 139 3069 237 3127; baseline 0 -1"><span class='ocrx_word' id='word_1_232' title='bbox 139 3069 237 3127; x_wconf 70' lang='lat' dir='ltr'><strong>tertia.</strong></span> 
     </span>
    </p>
   </div>
   <div class='ocr_carea' id='block_1_3' title="bbox 524 3284 793 3358">
    <p class='ocr_par' dir='ltr' id='par_1_3' title="bbox 524 3284 793 3358">
     <span class='ocr_line' id='line_1_28' title="bbox 524 3284 793 3358; baseline 0 -1"><span class='ocrx_word' id='word_1_233' title='bbox 524 3308 527 3312; x_wconf 80' lang='grc'>’</span> <span class='ocrx_word' id='word_1_234' title='bbox 623 3284 793 3358; x_wconf 80' lang='lat' dir='ltr'><strong>ctxxnt.</strong></span> 
     </span>
    </p>
   </div>
   <div class='ocr_carea' id='block_1_4' title="bbox 333 3447 1091 3620">
    <p class='ocr_par' dir='ltr' id='par_1_4' title="bbox 333 3447 1091 3620">
     <span class='ocr_line' id='line_1_29' title="bbox 550 3447 877 3491; baseline 0.003 -4"><span class='ocrx_word' id='word_1_235' title='bbox 550 3448 739 3491; x_wconf 78' lang='lat' dir='ltr'><strong>vananaamr</strong></span> <span class='ocrx_word' id='word_1_236' title='bbox 763 3447 877 3491; x_wconf 72' lang='lat' dir='ltr'><strong>rasam</strong></span> 
     </span>
     <span class='ocr_line' id='line_1_30' title="bbox 333 3553 1091 3620; baseline 0.007 -8"><span class='ocrx_word' id='word_1_237' title='bbox 333 3553 545 3613; x_wconf 75' lang='lat' dir='ltr'><strong>FRANGlSCO</strong></span> <span class='ocrx_word' id='word_1_238' title='bbox 564 3555 869 3620; x_wconf 68' lang='lat' dir='ltr'><strong>menturtsaoru</strong></span> <span class='ocrx_word' id='word_1_239' title='bbox 888 3557 1091 3617; x_wconf 75' lang='lat' dir='ltr'><strong>Mantuano</strong></span> 
     </span>
    </p>
   </div>
   <div class='ocr_carea' id='block_1_5' title="bbox 138 3667 1366 4689">
    <p class='ocr_par' dir='ltr' id='par_1_5' title="bbox 138 3667 1366 4689">
     <span class='ocr_line' id='line_1_31' title="bbox 451 3667 1192 3779; baseline 0 -25"><span class='ocrx_word' id='word_1_240' title='bbox 451 3667 684 3755; x_wconf 76' lang='lat' dir='ltr'><strong>CLEMENS</strong></span> <span class='ocrx_word' id='word_1_241' title='bbox 712 3678 837 3756; x_wconf 76' lang='lat' dir='ltr'><strong>Para</strong></span> <span class='ocrx_word' id='word_1_242' title='bbox 867 3679 973 3775; x_wconf 80' lang='lat' dir='ltr'>XIV,</span> <span class='ocrx_word' id='word_1_243' title='bbox 1158 3772 1160 3775; x_wconf 16' lang='grc' dir='ltr'>Ι</span> <span class='ocrx_word' id='word_1_244' title='bbox 1189 3771 1192 3779; x_wconf 29' lang='lat'><strong><em>¹</em></strong></span> 
     </span>
     <span class='ocr_line' id='line_1_32' title="bbox 859 3793 1281 3897; baseline 0.002 -16"><span class='ocrx_word' id='word_1_245' title='bbox 859 3832 952 3891; x_wconf 82' lang='lat' dir='ltr'><strong>Rornae,</strong></span> <span class='ocrx_word' id='word_1_246' title='bbox 971 3835 996 3878; x_wconf 81' lang='lat' dir='ltr'><strong>tu</strong></span> <span class='ocrx_word' id='word_1_247' title='bbox 1012 3829 1145 3879; x_wconf 82' lang='lat' dir='ltr'><strong>decembris</strong></span> <span class='ocrx_word' id='word_1_248' title='bbox 1156 3793 1230 3897; x_wconf 24' lang='grc'><strong>1171)..</strong></span> <span class='ocrx_word' id='word_1_249' title='bbox 1277 3823 1281 3830; x_wconf 68' lang='grc'><strong>’</strong></span> 
     </span>
     <span class='ocr_line' id='line_1_33' title="bbox 183 3920 1285 4021; baseline 0.007 -29"><span class='ocrx_word' id='word_1_250' title='bbox 183 3934 385 4006; x_wconf 72' lang='lat' dir='ltr'><strong>Venerabilis,</strong></span> <span class='ocrx_word' id='word_1_251' title='bbox 401 3943 456 3998; x_wconf 82' lang='lat' dir='ltr'><strong>etc.</strong></span> <span class='ocrx_word' id='word_1_252' title='bbox 482 3936 663 4016; x_wconf 73' lang='lat' dir='ltr'><strong>Accepimus</strong></span> <span class='ocrx_word' id='word_1_253' title='bbox 676 3944 763 3998; x_wconf 89' lang='lat' dir='ltr'><strong>tuum</strong></span> <span class='ocrx_word' id='word_1_254' title='bbox 776 3983 785 4015; x_wconf 90' lang='lat'><strong>,</strong></span> <span class='ocrx_word' id='word_1_255' title='bbox 800 3938 987 4000; x_wconf 71' lang='lat' dir='ltr'><strong>Venerabilis</strong></span> <span class='ocrx_word' id='word_1_256' title='bbox 1002 3940 1115 4015; x_wconf 83' lang='lat' dir='ltr'><strong>Frater,</strong></span> <span class='ocrx_word' id='word_1_257' title='bbox 1130 3920 1212 4021; x_wconf 87' lang='lat' dir='ltr'><strong>quod</strong></span> <span class='ocrx_word' id='word_1_258' title='bbox 1225 3958 1285 4009; x_wconf 89' lang='lat' dir='ltr'><strong>non</strong></span> 
     </span>
     <span class='ocr_line' id='line_1_34' title="bbox 138 4033 1366 4117; baseline 0.007 -23"><span class='ocrx_word' id='word_1_259' title='bbox 138 4039 202 4098; x_wconf 85' lang='lat' dir='ltr'><strong>tent</strong></span> <span class='ocrx_word' id='word_1_260' title='bbox 217 4034 389 4113; x_wconf 77' lang='lat' dir='ltr'><strong>utinquam</strong></span> <span class='ocrx_word' id='word_1_261' title='bbox 400 4033 562 4096; x_wconf 88' lang='lat' dir='ltr'><strong>eruditioni</strong></span> <span class='ocrx_word' id='word_1_262' title='bbox 578 4053 616 4097; x_wconf 87' lang='lat' dir='ltr'><strong>ac</strong></span> <span class='ocrx_word' id='word_1_263' title='bbox 627 4035 769 4100; x_wconf 79' lang='lat' dir='ltr'><strong>darana</strong></span> <span class='ocrx_word' id='word_1_264' title='bbox 783 4037 921 4115; x_wconf 85' lang='lat' dir='ltr'><strong>debetur,</strong></span> <span class='ocrx_word' id='word_1_265' title='bbox 938 4055 1064 4115; x_wconf 79' lang='lat' dir='ltr'><strong>mamus,</strong></span> <span class='ocrx_word' id='word_1_266' title='bbox 1081 4039 1286 4117; x_wconf 78' lang='lat' dir='ltr'><strong>maioremque</strong></span> <span class='ocrx_word' id='word_1_267' title='bbox 1361 4042 1366 4054; x_wconf 87' lang='lat'>&#39;</span> 
     </span>
     <span class='ocr_line' id='line_1_35' title="bbox 139 4129 1286 4221; baseline 0.004 -30"><span class='ocrx_word' id='word_1_268' title='bbox 139 4129 170 4192; x_wconf 93' lang='lat' dir='ltr'><strong>in</strong></span> <span class='ocrx_word' id='word_1_269' title='bbox 188 4130 315 4193; x_wconf 79' lang='lat' dir='ltr'><strong>modum</strong></span> <span class='ocrx_word' id='word_1_270' title='bbox 327 4133 604 4195; x_wconf 78' lang='lat' dir='ltr'><strong>comendavimus</strong></span> <span class='ocrx_word' id='word_1_271' title='bbox 622 4134 862 4210; x_wconf 76' lang='lat' dir='ltr'><strong>animamarum</strong></span> <span class='ocrx_word' id='word_1_272' title='bbox 880 4135 916 4199; x_wconf 85' lang='lat' dir='ltr'><strong>iis</strong></span> <span class='ocrx_word' id='word_1_273' title='bbox 929 4135 1066 4212; x_wconf 82' lang='lat' dir='ltr'><strong>deditum</strong></span> <span class='ocrx_word' id='word_1_274' title='bbox 1084 4134 1207 4211; x_wconf 89' lang='lat' dir='ltr'><strong>studiis,</strong></span> <span class='ocrx_word' id='word_1_275' title='bbox 1220 4154 1286 4221; x_wconf 83' lang='lat' dir='ltr'><strong>quc</strong></span> 
     </span>
     <span class='ocr_line' id='line_1_36' title="bbox 139 4228 1285 4309; baseline 0.006 -21"><span class='ocrx_word' id='word_1_276' title='bbox 139 4228 270 4289; x_wconf 81' lang='lat' dir='ltr'><strong>maxime</strong></span> <span class='ocrx_word' id='word_1_277' title='bbox 291 4244 363 4288; x_wconf 91' lang='lat' dir='ltr'><strong>cum</strong></span> <span class='ocrx_word' id='word_1_278' title='bbox 381 4228 600 4309; x_wconf 85' lang='lat' dir='ltr'><strong>episcopalibus</strong></span> <span class='ocrx_word' id='word_1_279' title='bbox 614 4230 694 4292; x_wconf 91' lang='lat' dir='ltr'><strong>curis</strong></span> <span class='ocrx_word' id='word_1_280' title='bbox 711 4232 904 4295; x_wconf 86' lang='lat' dir='ltr'><strong>consentiunt</strong></span> <span class='ocrx_word' id='word_1_281' title='bbox 919 4251 956 4294; x_wconf 90' lang='lat' dir='ltr'><strong>ac</strong></span> <span class='ocrx_word' id='word_1_282' title='bbox 972 4232 1002 4295; x_wconf 91' lang='lat' dir='ltr'><strong>in</strong></span> <span class='ocrx_word' id='word_1_283' title='bbox 1017 4230 1154 4301; x_wconf 73' lang='lat' dir='ltr'><strong>Ecclesia</strong></span> <span class='ocrx_word' id='word_1_284' title='bbox 1171 4230 1285 4295; x_wconf 88' lang='lat' dir='ltr'><strong>bonum</strong></span> 
     </span>
     <span class='ocr_line' id='line_1_37' title="bbox 139 4323 1286 4408; baseline 0.007 -24"><span class='ocrx_word' id='word_1_285' title='bbox 139 4323 344 4386; x_wconf 87' lang='lat' dir='ltr'><strong>redundatura</strong></span> <span class='ocrx_word' id='word_1_286' title='bbox 357 4324 435 4402; x_wconf 85' lang='lat' dir='ltr'><strong>sint,</strong></span> <span class='ocrx_word' id='word_1_287' title='bbox 450 4335 540 4408; x_wconf 87' lang='lat' dir='ltr'><strong>atque</strong></span> <span class='ocrx_word' id='word_1_288' title='bbox 560 4329 653 4390; x_wconf 90' lang='lat' dir='ltr'><strong>etiam</strong></span> <span class='ocrx_word' id='word_1_289' title='bbox 674 4329 841 4393; x_wconf 85' lang='lat' dir='ltr'><strong>faciliorem</strong></span> <span class='ocrx_word' id='word_1_290' title='bbox 859 4329 914 4391; x_wconf 90' lang='lat' dir='ltr'><strong>tibi</strong></span> <span class='ocrx_word' id='word_1_291' title='bbox 936 4330 1018 4391; x_wconf 87' lang='lat' dir='ltr'><strong>viam</strong></span> <span class='ocrx_word' id='word_1_292' title='bbox 1031 4330 1148 4390; x_wconf 84' lang='lat' dir='ltr'><strong>lactura</strong></span> <span class='ocrx_word' id='word_1_293' title='bbox 1161 4326 1200 4391; x_wconf 89' lang='lat' dir='ltr'><strong>ad</strong></span> <span class='ocrx_word' id='word_1_294' title='bbox 1211 4331 1286 4392; x_wconf 82' lang='lat' dir='ltr'><strong>Gon-</strong></span> 
     </span>
     <span class='ocr_line' id='line_1_38' title="bbox 140 4422 1285 4510; baseline 0.006 -27"><span class='ocrx_word' id='word_1_295' title='bbox 140 4422 243 4484; x_wconf 91' lang='lat' dir='ltr'><strong>cilium</strong></span> <span class='ocrx_word' id='word_1_296' title='bbox 256 4423 456 4502; x_wconf 86' lang='lat' dir='ltr'><strong>Provinciale,</strong></span> <span class='ocrx_word' id='word_1_297' title='bbox 468 4426 552 4507; x_wconf 89' lang='lat' dir='ltr'><strong>quod</strong></span> <span class='ocrx_word' id='word_1_298' title='bbox 569 4427 625 4489; x_wconf 82' lang='lat' dir='ltr'><strong>rite</strong></span> <span class='ocrx_word' id='word_1_299' title='bbox 636 4427 789 4491; x_wconf 88' lang='lat' dir='ltr'><strong>celebrare</strong></span> <span class='ocrx_word' id='word_1_300' title='bbox 807 4428 953 4504; x_wconf 86' lang='lat' dir='ltr'><strong>statuisti,</strong></span> <span class='ocrx_word' id='word_1_301' title='bbox 966 4434 1000 4487; x_wconf 93' lang='lat' dir='ltr'><strong>ut</strong></span> <span class='ocrx_word' id='word_1_302' title='bbox 1012 4427 1161 4508; x_wconf 80' lang='lat' dir='ltr'><strong>preclaris</strong></span> <span class='ocrx_word' id='word_1_303' title='bbox 1173 4429 1285 4510; x_wconf 82' lang='lat' dir='ltr'><strong>praede·</strong></span> 
     </span>
     <span class='ocr_line' id='line_1_39' title="bbox 139 4525 1286 4621; baseline 0.003 -38"><span class='ocrx_word' id='word_1_304' title='bbox 139 4538 293 4585; x_wconf 73' lang='lat' dir='ltr'><strong>sessorum</strong></span> <span class='ocrx_word' id='word_1_305' title='bbox 307 4528 429 4585; x_wconf 89' lang='lat' dir='ltr'><strong>tuorum</strong></span> <span class='ocrx_word' id='word_1_306' title='bbox 449 4526 592 4606; x_wconf 85' lang='lat' dir='ltr'><strong>exemplis</strong></span> <span class='ocrx_word' id='word_1_307' title='bbox 610 4525 761 4589; x_wconf 90' lang='lat' dir='ltr'><strong>insisteres</strong></span> <span class='ocrx_word' id='word_1_308' title='bbox 779 4545 814 4588; x_wconf 91' lang='lat' dir='ltr'><strong>ac</strong></span> <span class='ocrx_word' id='word_1_309' title='bbox 831 4543 1007 4603; x_wconf 77' lang='lat' dir='ltr'><strong>narraveras,</strong></span> <span class='ocrx_word' id='word_1_310' title='bbox 1029 4532 1118 4606; x_wconf 89' lang='lat' dir='ltr'><strong>atque</strong></span> <span class='ocrx_word' id='word_1_311' title='bbox 1139 4527 1286 4621; x_wconf 80' lang='lat' dir='ltr'><strong>ampliora</strong></span> 
     </span>
     <span class='ocr_line' id='line_1_40' title="bbox 1135 4638 1177 4689; baseline -0.071 0"><span class='ocrx_word' id='word_1_312' title='bbox 1135 4638 1177 4689; x_wconf 81' lang='lat' dir='ltr'><strong>ta.</strong></span> 
     </span>
    </p>
   </div>
   <div class='ocr_carea' id='block_1_6' title="bbox 0 0 1602 5354">
    <p class='ocr_par' dir='ltr' id='par_1_6' title="bbox 0 0 1602 5354">
     <span class='ocr_line' id='line_1_41' title="bbox 0 0 1602 5354; baseline 0 3"><span class='ocrx_word' id='word_1_313' title='bbox 0 0 1602 5354; x_wconf 95' lang='lat' dir='ltr'><strong> </strong></span> 
     </span>
    </p>
   </div>
  </div>
 </body>
</html>
