3194 5354
492 454 673 510 EPlSTOLAE
692 451 737 508 ET
756 453 890 510 batvin
909 453 1143 510 subsericas.
1342 464 1392 515 tes

243 542 374 643 effigiem
388 554 503 638 affabre
516 577 537 619 c
556 560 740 637 ditertoyttto
750 561 880 638 toseptm
893 561 966 620 Bost
982 559 1144 637 depictam,
1156 563 1241 636 eujus
1261 568 1291 623 et
1305 566 1391 624 ccta-

245 678 314 722 rum
326 661 456 720 cometas
474 663 504 718 et
520 657 718 717 delirationis
729 661 895 736 artificium
910 658 972 719 llos
985 661 1062 716 mire
1076 657 1223 726 delectet,
1241 666 1331 738 atque
1351 659 1392 721 ita

246 753 406 830 mittimus,
421 759 455 815 ut
468 751 564 815 multo
577 751 785 833 pretiosiorem
796 760 900 815 nostru
913 750 1121 814 benedictione
1132 752 1270 815 eamdem
1281 754 1393 818 redda-

246 866 325 911 mus.
339 849 483 911 Praeterea
493 848 575 929 quod
589 845 720 910 maxime
731 848 834 929 pietati
849 855 907 910 tura
919 847 984 909 lore
999 853 1119 926 gratum
1133 846 1325 927 arbitramur,
1338 851 1392 913 tibi

245 945 317 1007 dum
333 944 472 1009 eamdem
494 962 586 1027 penes
605 950 636 1006 te
657 944 770 1007 babere
790 945 935 1023 volueris,
962 962 1016 1006 seu
1037 943 1099 1020 alii,
1123 942 1306 1025 quicumque
1327 944 1392 1026 ipsa

244 1061 280 1103 er
294 1051 348 1106 tuo
360 1043 441 1105 dono
453 1043 568 1124 potitus
578 1042 628 1117 sit,
642 1041 761 1123 quoties
772 1042 928 1105 confessus
943 1061 980 1104 ae
999 1060 1087 1104 secra
1105 1043 1324 1105 communione
1339 1063 1391 1106 re-

242 1143 338 1206 lectus
354 1151 423 1206 aute
436 1142 575 1204 eamdem
592 1141 648 1202 rite
669 1142 812 1218 oraveris,
831 1159 885 1202 seu
906 1141 1052 1219 oraverit,
1072 1140 1160 1202 toties
1173 1138 1391 1222 indulgentiam

242 1241 409 1321 plenariam
424 1240 587 1321 apostoliea
608 1238 901 1299 nostraauctoritate
918 1238 1046 1317 benigne
1066 1234 1272 1299 concedimus.
1292 1237 1391 1317 Atque

242 1337 300 1400 boc
313 1339 406 1400 etiam
417 1338 467 1415 sit,
479 1337 586 1398 dilecte
600 1336 641 1397 nti
656 1332 764 1397 nobilis
778 1335 833 1413 vir,
845 1343 953 1398 nostrae
965 1335 1123 1416 singularis
1134 1354 1206 1416 erga
1218 1343 1248 1397 te
1259 1342 1390 1416 paterne

242 1438 374 1500 caritatis
391 1444 600 1517 argumentum
614 1436 701 1514 eujus
712 1434 808 1515 magis
821 1434 914 1497 etiam
925 1432 1136 1496 confirmanda
1149 1432 1246 1513 gratia
1265 1440 1390 1515 aposto-

242 1535 332 1597 licam
345 1535 586 1597 benedictionem
599 1533 753 1596 Nobilitati
773 1540 830 1595 tua
844 1539 1034 1613 peramenter
1057 1531 1256 1611 impertimur.
1275 1533 1389 1593 Datum

242 1635 352 1704 Romu,
369 1643 439 1705 etc,
454 1635 504 1695 dte
522 1646 556 1696 te
571 1637 694 1712 auqustt
710 1643 798 1709 1770,
810 1635 1006 1711 pontificatus
1020 1636 1116 1692 uestri
1130 1649 1210 1691 anuo
1225 1631 1366 1692 seeundo.

725 1785 908 1800 *fl

646 1885 648 1888 ’
749 1914 876 1988 xevn.

496 2081 662 2124 cnntssnto
684 2083 717 2125 tu
739 2082 874 2125 cnatsro
897 2082 981 2124 eruto
1006 2081 1126 2124 NOSTRO

394 2189 562 2251 JOSEPHO
579 2189 863 2252 PORTUGALLIAE
883 2193 932 2252 ET
953 2192 1230 2253 ALGARBIORUM

548 2367 556 2376 .
661 2324 735 2372 aser
751 2325 952 2373 smnnrssrno

548 2438 781 2517 CLEMENS
808 2440 937 2516 ΡΑΡΑ
964 2438 1099 2514 XlV.‘

952 2600 1044 2657 Romu,
1062 2605 1072 2646 t
1086 2595 1229 2660 septembris
1246 2600 1316 2648 1770.

240 2716 245 2727 ’
274 2715 447 2785 carissime,
461 2720 518 2775 ete.
535 2715 700 2778 Gratificati
711 2714 906 2777 libentissime
918 2714 1016 2793 Regiu
1027 2712 1175 2792 Majesteti
1187 2715 1257 2774 Tuae
1265 2731 1379 2794 sumus,

235 2815 267 2871 ut
283 2810 427 2871 dilectum
437 2811 533 2872 tilium
547 2817 685 2873 nostrum
697 2815 847 2874 loannem
859 2811 896 2872 de
905 2810 1011 2872 Cunha
1021 2809 1290 2891 Archiepiscopum
1303 2811 1380 2870 Eho

231 2922 350 2967 rensem
370 2908 523 2968 luculento
539 2909 708 2987 apostolice
725 2909 975 2970 remunerationis
993 2908 1165 2969 testimonio
1179 2925 1379 2987 prosequere-

233 3021 313 3079 mur,
331 3021 367 3063 ac
380 3003 410 3063 in
423 3021 542 3064 sacrum
554 3005 585 3065 S.
599 3006 635 3065 ll.
650 3007 685 3064 E.
702 3005 905 3066 Cardinaliunr
917 3006 1084 3083 Collegium
1095 3012 1318 3086 cooptaremus,
1331 3027 1379 3070 ue-

231 3115 291 3176 que
307 3096 499 3175 dubitamus,
514 3098 587 3178 quin
609 3100 673 3160 lraec
691 3100 782 3161 etiam
806 3100 922 3163 eximiae
944 3100 1103 3181 pontificiae
1122 3101 1152 3162 in
1173 3108 1203 3162 te
1217 3102 1378 3164 voluntatis

231 3194 410 3274 significatio
420 3196 473 3257 tibi
483 3196 584 3258 lutura
592 3197 632 3258 sit
640 3197 856 3278 acceptissima.
871 3200 968 3274 Nunc,
978 3196 1059 3279 quod
1072 3205 1218 3278 superest,
1228 3198 1377 3262 actionem

229 3293 308 3355 bane
317 3299 452 3356 nostram
462 3295 501 3356 de
510 3294 562 3357 illo
573 3295 709 3357 ornando
720 3297 915 3377 complentes,
931 3297 1119 3376 Purpureum
1132 3296 1266 3357 Biretum
1279 3297 1376 3359 eidem

229 3390 458 3454 transmittimus
479 3410 533 3474 per
553 3392 696 3455 dilectum
713 3393 810 3454 lilium
827 3395 973 3456 Casarem
989 3393 1215 3456 Lambertinum
1236 3393 1376 3458 intimum

228 3487 452 3552 Cubicularium
476 3493 624 3551 nostrum.
646 3492 734 3551 llune
754 3489 877 3569 quidem
897 3489 1119 3552 adolescentem
1141 3490 1196 3552 etsi
1215 3496 1245 3551 et
1259 3491 1375 3569 generis

229 3584 386 3662 splendore
407 3592 437 3645 et
450 3585 580 3666 propriis
594 3585 685 3647 etiam
703 3588 827 3664 egregiae
840 3585 948 3647 indolis
966 3605 1146 3666 morumque
1165 3585 1306 3648 laudibus
1326 3586 1375 3646 in-

228 3685 374 3743 structum
384 3681 586 3760 injunctolroc
597 3700 724 3744 munere
731 3682 939 3762 dignissimum
946 3672 1161 3759 existimemus,
1172 3681 1263 3744 habet
1273 3689 1373 3743 tamen

227 3778 275 3841 ille
287 3781 364 3842 inter
377 3788 476 3843 cetera
488 3783 638 3860 singulare
652 3781 710 3842 hoc
721 3780 824 3856 decus,
836 3788 869 3841 ut
880 3799 923 3841 sa.
935 3798 1026 3841 mern.
1039 3779 1192 3843 Benedicti
1205 3781 1283 3841 XIV.
1300 3799 1373 3860 pree

226 3874 388 3938 decessoris
408 3877 502 3939 nostri
521 3877 733 3957 sapientissimi
751 3876 903 3937 Pontificis
918 3876 957 3936 sit
976 3876 1076 3937 fratris
1097 3895 1201 3957 nepos.
1221 3876 1276 3950 Qui
1298 3895 1371 3937 sanc

226 3972 360 4035 Pontifex
372 3976 475 4055 quanti
487 3975 673 4053 MaJ'estatem
685 3976 781 4035 Tuam
790 3974 905 4050 fecerit,
918 3992 1070 4054 quamque
1084 3976 1227 4054 preclaro
1239 3975 1281 4034 Te
1296 3974 1371 4051 Reg-

224 4087 355 4152 numque
367 4077 453 4133 tuum
463 4072 562 4133 studio
579 4073 753 4152 complexus
762 4089 880 4152 semper
892 4071 981 4133 luerit
994 4117 1002 4143 ‚
1013 4090 1085 4133 cum
1093 4068 1369 4152 perspectissimum

224 4170 276 4232 tibi
294 4171 343 4248 sit,
362 4172 418 4233 erit
432 4189 513 4233 nune
534 4172 633 4251 Regis
648 4170 843 4231 humanitatis
864 4176 933 4245 tue,
956 4170 980 4230 si
1003 4169 1132 4231 eundem
1154 4176 1216 4228 tam
1240 4165 1367 4245 benigne

223 4270 388 4350 exceperis,
404 4278 437 4331 ut
451 4276 569 4350 gratam
588 4270 642 4331 tibi
656 4268 757 4348 magni
773 4268 873 4348 patrui
897 4268 943 4328 sui
964 4266 1140 4328 memoriam
1154 4282 1230 4338 esse,
1245 4281 1281 4324 ae
1296 4264 1367 4343 plu-

222 4363 333 4424 rimum
356 4365 436 4445 apud
450 4372 479 4428 te
493 4367 590 4427 valere
607 4366 726 4426 sentiat.
750 4363 835 4438 Quod
855 4362 990 4443 prolecto
1008 4360 1099 4422 Nobis
1128 4359 1169 4419 ita
1187 4359 1244 4446 erit
1259 4360 1366 4437 jucun-

221 4459 305 4537 dum,
322 4468 355 4522 nt
372 4462 515 4543 quidquid
537 4463 566 4523 in
587 4463 669 4523 illrrm
695 4461 828 4522 conseres
849 4459 1039 4538 benignitatis
1055 4476 1090 4518 ae
1112 4457 1273 4519 clementia
1294 4464 1362 4527 tuae,
