<?xml version="1.0" encoding="UTF-8"?>
<!DOCTYPE html PUBLIC "-//W3C//DTD XHTML 1.0 Transitional//EN"
    "http://www.w3.org/TR/xhtml1/DTD/xhtml1-transitional.dtd">
<html xmlns="http://www.w3.org/1999/xhtml" xml:lang="en" lang="en">
 <head>
  <title>
</title>
<meta http-equiv="Content-Type" content="text/html;charset=utf-8" />
  <meta name='ocr-system' content='tesseract 3.04.00' />
  <meta name='ocr-capabilities' content='ocr_page ocr_carea ocr_par ocr_line ocrx_word'/>
</head>
<body>
  <div class='ocr_page' id='page_1' title='image "./clementisxivpon01clemgoog_0069.png"; bbox 0 0 3194 5354; ppageno 0'>
   <div class='ocr_carea' id='block_1_1' title="bbox 222 450 944 510">
    <p class='ocr_par' dir='ltr' id='par_1_1' title="bbox 222 450 944 510">
     <span class='ocr_line' id='line_1_1' title="bbox 222 450 944 510; baseline -0.008 0"><span class='ocrx_word' id='word_1_1' title='bbox 222 450 257 510; x_wconf 72' lang='lat' dir='ltr'><strong>tt</strong></span> <span class='ocrx_word' id='word_1_2' title='bbox 655 450 860 506; x_wconf 78' lang='lat' dir='ltr'><strong>CLEMENTlS</strong></span> <span class='ocrx_word' id='word_1_3' title='bbox 878 452 944 505; x_wconf 77' lang='lat' dir='ltr'><strong>xlv</strong></span> 
     </span>
    </p>
   </div>
   <div class='ocr_carea' id='block_1_2' title="bbox 180 554 1428 2788">
    <p class='ocr_par' dir='ltr' id='par_1_2' title="bbox 204 554 1385 645">
     <span class='ocr_line' id='line_1_2' title="bbox 204 554 1385 645; baseline 0.003 -24"><span class='ocrx_word' id='word_1_4' title='bbox 204 557 369 635; x_wconf 76' lang='lat' dir='ltr'><strong>innititur,</strong></span> <span class='ocrx_word' id='word_1_5' title='bbox 389 557 469 618; x_wconf 86' lang='lat' dir='ltr'><strong>inter</strong></span> <span class='ocrx_word' id='word_1_6' title='bbox 482 574 559 638; x_wconf 79' lang='lat' dir='ltr'><strong>qous</strong></span> <span class='ocrx_word' id='word_1_7' title='bbox 573 555 645 617; x_wconf 90' lang='lat' dir='ltr'><strong>illud</strong></span> <span class='ocrx_word' id='word_1_8' title='bbox 660 556 844 638; x_wconf 69' lang='lat' dir='ltr'><strong>precipuum</strong></span> <span class='ocrx_word' id='word_1_9' title='bbox 859 554 969 633; x_wconf 80' lang='lat' dir='ltr'><strong>babet,</strong></span> <span class='ocrx_word' id='word_1_10' title='bbox 985 561 1018 617; x_wconf 91' lang='lat' dir='ltr'><strong>ut</strong></span> <span class='ocrx_word' id='word_1_11' title='bbox 1032 558 1076 618; x_wconf 81' lang='lat' dir='ltr'><strong>&#39;lc</strong></span> <span class='ocrx_word' id='word_1_12' title='bbox 1096 562 1245 641; x_wconf 79' lang='lat' dir='ltr'><strong>tuumque</strong></span> <span class='ocrx_word' id='word_1_13' title='bbox 1258 564 1385 645; x_wconf 76' lang='lat' dir='ltr'><strong>regiam</strong></span> 
     </span>
    </p>

    <p class='ocr_par' dir='ltr' id='par_1_3' title="bbox 180 653 1428 2788">
     <span class='ocr_line' id='line_1_3' title="bbox 219 653 1385 744; baseline 0.007 -27"><span class='ocrx_word' id='word_1_14' title='bbox 219 654 346 718; x_wconf 89' lang='lat' dir='ltr'><strong>domum</strong></span> <span class='ocrx_word' id='word_1_15' title='bbox 359 653 485 716; x_wconf 81' lang='lat' dir='ltr'><strong>mirilico</strong></span> <span class='ocrx_word' id='word_1_16' title='bbox 499 653 636 716; x_wconf 80' lang='lat' dir='ltr'><strong>obsecret</strong></span> <span class='ocrx_word' id='word_1_17' title='bbox 649 671 685 714; x_wconf 83' lang='lat' dir='ltr'><strong>cc</strong></span> <span class='ocrx_word' id='word_1_18' title='bbox 698 654 789 731; x_wconf 86' lang='lat' dir='ltr'><strong>colat,</strong></span> <span class='ocrx_word' id='word_1_19' title='bbox 803 673 837 716; x_wconf 86' lang='lat' dir='ltr'><strong>ac</strong></span> <span class='ocrx_word' id='word_1_20' title='bbox 852 654 981 717; x_wconf 84' lang='lat' dir='ltr'><strong>invicem</strong></span> <span class='ocrx_word' id='word_1_21' title='bbox 993 656 1159 734; x_wconf 76' lang='lat' dir='ltr'><strong>Maiestatis</strong></span> <span class='ocrx_word' id='word_1_22' title='bbox 1173 660 1250 724; x_wconf 76' lang='lat' dir='ltr'><strong>tuae</strong></span> <span class='ocrx_word' id='word_1_23' title='bbox 1262 680 1341 744; x_wconf 74' lang='lat' dir='ltr'><strong>ergo</strong></span> <span class='ocrx_word' id='word_1_24' title='bbox 1352 673 1385 729; x_wconf 82' lang='lat' dir='ltr'><strong>te</strong></span> 
     </span>
     <span class='ocr_line' id='line_1_4' title="bbox 219 749 1384 835; baseline 0.005 -21"><span class='ocrx_word' id='word_1_25' title='bbox 219 752 362 832; x_wconf 74' lang='lat' dir='ltr'><strong>singulari</strong></span> <span class='ocrx_word' id='word_1_26' title='bbox 376 750 564 813; x_wconf 85' lang='lat' dir='ltr'><strong>bumunitute</strong></span> <span class='ocrx_word' id='word_1_27' title='bbox 580 749 720 830; x_wconf 77' lang='lat' dir='ltr'><strong>gaudeat.</strong></span> <span class='ocrx_word' id='word_1_28' title='bbox 737 752 873 833; x_wconf 85' lang='lat' dir='ltr'><strong>inquom</strong></span> <span class='ocrx_word' id='word_1_29' title='bbox 887 752 988 833; x_wconf 82' lang='lat' dir='ltr'><strong>linque</strong></span> <span class='ocrx_word' id='word_1_30' title='bbox 1001 768 1184 835; x_wconf 86' lang='lat' dir='ltr'><strong>propensum</strong></span> <span class='ocrx_word' id='word_1_31' title='bbox 1204 756 1306 821; x_wconf 84' lang='lat' dir='ltr'><strong>babes</strong></span> <span class='ocrx_word' id='word_1_32' title='bbox 1327 780 1384 824; x_wconf 85' lang='lat' dir='ltr'><strong>re-</strong></span> 
     </span>
     <span class='ocr_line' id='line_1_5' title="bbox 180 846 1382 928; baseline 0.009 -19"><span class='ocrx_word' id='word_1_33' title='bbox 180 899 195 917; x_wconf 87' lang='grc'>,</span> <span class='ocrx_word' id='word_1_34' title='bbox 219 848 302 928; x_wconf 71' lang='lat' dir='ltr'><strong>giem</strong></span> <span class='ocrx_word' id='word_1_35' title='bbox 315 848 499 910; x_wconf 75' lang='lat' dir='ltr'><strong>voluntatem</strong></span> <span class='ocrx_word' id='word_1_36' title='bbox 513 853 597 910; x_wconf 83' lang='lat' dir='ltr'><strong>tuom</strong></span> <span class='ocrx_word' id='word_1_37' title='bbox 610 893 617 924; x_wconf 88' lang='lat'>‚</span> <span class='ocrx_word' id='word_1_38' title='bbox 630 854 665 909; x_wconf 91' lang='lat' dir='ltr'><strong>ut</strong></span> <span class='ocrx_word' id='word_1_39' title='bbox 681 846 762 910; x_wconf 88' lang='lat' dir='ltr'><strong>idem</strong></span> <span class='ocrx_word' id='word_1_40' title='bbox 776 855 879 911; x_wconf 83' lang='lat' dir='ltr'><strong>nostro</strong></span> <span class='ocrx_word' id='word_1_41' title='bbox 892 848 984 911; x_wconf 85' lang='lat' dir='ltr'><strong>etiam</strong></span> <span class='ocrx_word' id='word_1_42' title='bbox 995 866 1088 912; x_wconf 81' lang='lat' dir='ltr'><strong>causo</strong></span> <span class='ocrx_word' id='word_1_43' title='bbox 1101 850 1156 912; x_wconf 90' lang='lat' dir='ltr'><strong>tibi</strong></span> <span class='ocrx_word' id='word_1_44' title='bbox 1168 857 1382 920; x_wconf 82' lang='lat' dir='ltr'><strong>commenda-</strong></span> 
     </span>
     <span class='ocr_line' id='line_1_6' title="bbox 220 946 1381 1035; baseline 0.005 -26"><span class='ocrx_word' id='word_1_45' title='bbox 220 946 355 1010; x_wconf 82' lang='lat' dir='ltr'><strong>tissimus</strong></span> <span class='ocrx_word' id='word_1_46' title='bbox 368 956 457 1030; x_wconf 83' lang='lat' dir='ltr'><strong>utque</strong></span> <span class='ocrx_word' id='word_1_47' title='bbox 476 947 701 1031; x_wconf 80' lang='lat' dir='ltr'><strong>acceptissimus</strong></span> <span class='ocrx_word' id='word_1_48' title='bbox 720 947 776 1024; x_wconf 84' lang='lat' dir='ltr'><strong>sit,</strong></span> <span class='ocrx_word' id='word_1_49' title='bbox 793 946 940 1028; x_wconf 76' lang='lat' dir='ltr'><strong>maiorem</strong></span> <span class='ocrx_word' id='word_1_50' title='bbox 953 948 983 1010; x_wconf 92' lang='lat' dir='ltr'><strong>in</strong></span> <span class='ocrx_word' id='word_1_51' title='bbox 998 946 1124 1012; x_wconf 89' lang='lat' dir='ltr'><strong>modum</strong></span> <span class='ocrx_word' id='word_1_52' title='bbox 1143 956 1205 1015; x_wconf 83' lang='lat' dir='ltr'><strong>nte</strong></span> <span class='ocrx_word' id='word_1_53' title='bbox 1220 952 1381 1035; x_wconf 87' lang='lat' dir='ltr'><strong>petimus,</strong></span> 
     </span>
     <span class='ocr_line' id='line_1_7' title="bbox 220 1044 1382 1135; baseline 0.003 -27"><span class='ocrx_word' id='word_1_54' title='bbox 220 1054 313 1128; x_wconf 85' lang='lat' dir='ltr'><strong>teque</strong></span> <span class='ocrx_word' id='word_1_55' title='bbox 321 1054 464 1128; x_wconf 76' lang='lat' dir='ltr'><strong>pretereo</strong></span> <span class='ocrx_word' id='word_1_56' title='bbox 478 1062 631 1127; x_wconf 77' lang='lat' dir='ltr'>rogamus,</span> <span class='ocrx_word' id='word_1_57' title='bbox 642 1054 676 1108; x_wconf 90' lang='lat' dir='ltr'><strong>ut</strong></span> <span class='ocrx_word' id='word_1_58' title='bbox 687 1045 742 1127; x_wconf 92' lang='lat' dir='ltr'><strong>ipsi</strong></span> <span class='ocrx_word' id='word_1_59' title='bbox 754 1051 858 1107; x_wconf 83' lang='lat' dir='ltr'><strong>nostro</strong></span> <span class='ocrx_word' id='word_1_60' title='bbox 867 1060 903 1107; x_wconf 82' lang='lat' dir='ltr'><strong>ac</strong></span> <span class='ocrx_word' id='word_1_61' title='bbox 912 1044 1062 1127; x_wconf 77' lang='lat' dir='ltr'><strong>religionis</strong></span> <span class='ocrx_word' id='word_1_62' title='bbox 1076 1046 1197 1127; x_wconf 73' lang='lat' dir='ltr'><strong>negotiu</strong></span> <span class='ocrx_word' id='word_1_63' title='bbox 1209 1052 1318 1120; x_wconf 86' lang='lat' dir='ltr'><strong>tecum</strong></span> <span class='ocrx_word' id='word_1_64' title='bbox 1328 1072 1382 1135; x_wconf 72' lang='lat' dir='ltr'><strong>ge</strong></span> 
     </span>
     <span class='ocr_line' id='line_1_8' title="bbox 221 1140 1380 1227; baseline 0.003 -19"><span class='ocrx_word' id='word_1_65' title='bbox 221 1145 299 1208; x_wconf 80' lang='lat' dir='ltr'><strong>imti</strong></span> <span class='ocrx_word' id='word_1_66' title='bbox 317 1145 454 1209; x_wconf 80' lang='lat' dir='ltr'><strong>eumdem</strong></span> <span class='ocrx_word' id='word_1_67' title='bbox 474 1144 566 1207; x_wconf 86' lang='lat' dir='ltr'><strong>iidem</strong></span> <span class='ocrx_word' id='word_1_68' title='bbox 583 1142 706 1217; x_wconf 84' lang='lat' dir='ltr'><strong>babere,</strong></span> <span class='ocrx_word' id='word_1_69' title='bbox 725 1158 819 1223; x_wconf 69' lang='grc'>11111</span> <span class='ocrx_word' id='word_1_70' title='bbox 838 1141 862 1203; x_wconf 91' lang='lat' dir='ltr'><strong>si</strong></span> <span class='ocrx_word' id='word_1_71' title='bbox 887 1142 948 1203; x_wconf 85' lang='lat' dir='ltr'><strong>Nos</strong></span> <span class='ocrx_word' id='word_1_72' title='bbox 966 1140 1022 1225; x_wconf 91' lang='lat' dir='ltr'><strong>ipsi</strong></span> <span class='ocrx_word' id='word_1_73' title='bbox 1040 1158 1144 1205; x_wconf 86' lang='lat' dir='ltr'><strong>corum</strong></span> <span class='ocrx_word' id='word_1_74' title='bbox 1165 1142 1380 1227; x_wconf 79' lang='lat' dir='ltr'><strong>loqueremur.</strong></span> 
     </span>
     <span class='ocr_line' id='line_1_9' title="bbox 221 1239 1380 1328; baseline 0.006 -25"><span class='ocrx_word' id='word_1_75' title='bbox 221 1242 304 1305; x_wconf 80' lang='lat' dir='ltr'><strong>velis.</strong></span> <span class='ocrx_word' id='word_1_76' title='bbox 318 1240 394 1304; x_wconf 89' lang='lat' dir='ltr'><strong>lllod</strong></span> <span class='ocrx_word' id='word_1_77' title='bbox 407 1258 469 1323; x_wconf 84' lang='lat' dir='ltr'><strong>pne</strong></span> <span class='ocrx_word' id='word_1_78' title='bbox 484 1240 599 1303; x_wconf 72' lang='lat' dir='ltr'><strong>ceteris</strong></span> <span class='ocrx_word' id='word_1_79' title='bbox 610 1239 761 1321; x_wconf 90' lang='lat' dir='ltr'><strong>cupimus,</strong></span> <span class='ocrx_word' id='word_1_80' title='bbox 776 1244 810 1300; x_wconf 89' lang='lat' dir='ltr'><strong>ut</strong></span> <span class='ocrx_word' id='word_1_81' title='bbox 821 1256 998 1321; x_wconf 84' lang='lat' dir='ltr'><strong>persuasum</strong></span> <span class='ocrx_word' id='word_1_82' title='bbox 1010 1239 1065 1303; x_wconf 91' lang='lat' dir='ltr'><strong>tibi</strong></span> <span class='ocrx_word' id='word_1_83' title='bbox 1077 1241 1213 1305; x_wconf 82' lang='lat' dir='ltr'><strong>maxime</strong></span> <span class='ocrx_word' id='word_1_84' title='bbox 1224 1243 1276 1322; x_wconf 87' lang='lat' dir='ltr'><strong>sit,</strong></span> <span class='ocrx_word' id='word_1_85' title='bbox 1292 1248 1380 1328; x_wconf 84' lang='lat' dir='ltr'><strong>quod</strong></span> 
     </span>
     <span class='ocr_line' id='line_1_10' title="bbox 223 1333 1381 1423; baseline 0.006 -22"><span class='ocrx_word' id='word_1_86' title='bbox 223 1338 279 1422; x_wconf 86' lang='lat' dir='ltr'><strong>ipsi</strong></span> <span class='ocrx_word' id='word_1_87' title='bbox 295 1341 445 1423; x_wconf 77' lang='lat' dir='ltr'><strong>precipue</strong></span> <span class='ocrx_word' id='word_1_88' title='bbox 457 1338 664 1401; x_wconf 81' lang='lat' dir='ltr'><strong>mandandum</strong></span> <span class='ocrx_word' id='word_1_89' title='bbox 681 1336 833 1414; x_wconf 84' lang='lat' dir='ltr'><strong>duximus,</strong></span> <span class='ocrx_word' id='word_1_90' title='bbox 845 1333 986 1418; x_wconf 86' lang='lat' dir='ltr'><strong>quodque</strong></span> <span class='ocrx_word' id='word_1_91' title='bbox 997 1335 1077 1399; x_wconf 88' lang='lat' dir='ltr'><strong>idem</strong></span> <span class='ocrx_word' id='word_1_92' title='bbox 1095 1336 1134 1399; x_wconf 86' lang='lat' dir='ltr'><strong>nd</strong></span> <span class='ocrx_word' id='word_1_93' title='bbox 1147 1340 1191 1401; x_wconf 67' lang='lat' dir='ltr'><strong>le</strong></span> <span class='ocrx_word' id='word_1_94' title='bbox 1204 1337 1381 1422; x_wconf 79' lang='lat' dir='ltr'><strong>diligentis-</strong></span> 
     </span>
     <span class='ocr_line' id='line_1_11' title="bbox 222 1434 1379 1523; baseline 0.003 -23"><span class='ocrx_word' id='word_1_95' title='bbox 222 1436 297 1500; x_wconf 83' lang='lat' dir='ltr'><strong>sime</strong></span> <span class='ocrx_word' id='word_1_96' title='bbox 320 1442 423 1500; x_wconf 86' lang='lat' dir='ltr'><strong>nostro</strong></span> <span class='ocrx_word' id='word_1_97' title='bbox 449 1434 571 1499; x_wconf 88' lang='lat' dir='ltr'><strong>nomine</strong></span> <span class='ocrx_word' id='word_1_98' title='bbox 584 1434 713 1512; x_wconf 84' lang='lat' dir='ltr'><strong>deleret,</strong></span> <span class='ocrx_word' id='word_1_99' title='bbox 735 1450 805 1497; x_wconf 87' lang='lat' dir='ltr'><strong>eum</strong></span> <span class='ocrx_word' id='word_1_100' title='bbox 825 1435 938 1497; x_wconf 86' lang='lat' dir='ltr'><strong>scilicet</strong></span> <span class='ocrx_word' id='word_1_101' title='bbox 956 1441 1117 1519; x_wconf 82' lang='lat' dir='ltr'><strong>paternum</strong></span> <span class='ocrx_word' id='word_1_102' title='bbox 1141 1442 1283 1501; x_wconf 84' lang='lat' dir='ltr'><strong>nostmm</strong></span> <span class='ocrx_word' id='word_1_103' title='bbox 1303 1458 1379 1523; x_wconf 76' lang='lat' dir='ltr'><strong>ergo</strong></span> 
     </span>
     <span class='ocr_line' id='line_1_12' title="bbox 221 1530 1379 1617; baseline 0.003 -19"><span class='ocrx_word' id='word_1_104' title='bbox 221 1536 344 1616; x_wconf 75' lang='lat' dir='ltr'><strong>Regiam</strong></span> <span class='ocrx_word' id='word_1_105' title='bbox 363 1530 554 1614; x_wconf 73' lang='lat' dir='ltr'><strong>Maiestatem</strong></span> <span class='ocrx_word' id='word_1_106' title='bbox 564 1533 662 1595; x_wconf 80' lang='lat' dir='ltr'><strong>&#39;ruem</strong></span> <span class='ocrx_word' id='word_1_107' title='bbox 684 1548 750 1595; x_wconf 87' lang='lat' dir='ltr'><strong>esse</strong></span> <span class='ocrx_word' id='word_1_108' title='bbox 765 1532 915 1607; x_wconf 78' lang='lat' dir='ltr'><strong>oninium,</strong></span> <span class='ocrx_word' id='word_1_109' title='bbox 940 1539 975 1594; x_wconf 91' lang='lat' dir='ltr'><strong>ut</strong></span> <span class='ocrx_word' id='word_1_110' title='bbox 992 1531 1029 1594; x_wconf 87' lang='lat' dir='ltr'><strong>od</strong></span> <span class='ocrx_word' id='word_1_111' title='bbox 1045 1548 1200 1613; x_wconf 83' lang='lat' dir='ltr'><strong>amorem,</strong></span> <span class='ocrx_word' id='word_1_112' title='bbox 1217 1536 1379 1617; x_wconf 86' lang='lat' dir='ltr'><strong>studium,</strong></span> 
     </span>
     <span class='ocr_line' id='line_1_13' title="bbox 222 1627 1378 1718; baseline 0 -22"><span class='ocrx_word' id='word_1_113' title='bbox 222 1627 380 1716; x_wconf 77' lang='lat' dir='ltr'><strong>pietatem,</strong></span> <span class='ocrx_word' id='word_1_114' title='bbox 394 1633 622 1714; x_wconf 72' lang='lat' dir='ltr'><strong>cantuumque,</strong></span> <span class='ocrx_word' id='word_1_115' title='bbox 637 1649 698 1714; x_wconf 84' lang='lat' dir='ltr'><strong>qua</strong></span> <span class='ocrx_word' id='word_1_116' title='bbox 707 1629 884 1693; x_wconf 79' lang='lat' dir='ltr'><strong>inflammati</strong></span> <span class='ocrx_word' id='word_1_117' title='bbox 899 1630 929 1692; x_wconf 93' lang='lat' dir='ltr'><strong>in</strong></span> <span class='ocrx_word' id='word_1_118' title='bbox 941 1630 984 1691; x_wconf 80' lang='lat' dir='ltr'><strong>Tc</strong></span> <span class='ocrx_word' id='word_1_119' title='bbox 999 1630 1378 1718; x_wconf 75' lang='lat' dir='ltr'><strong>somus,quoi1ucregiam</strong></span> 
     </span>
     <span class='ocr_line' id='line_1_14' title="bbox 221 1720 1380 1814; baseline 0.004 -20"><span class='ocrx_word' id='word_1_120' title='bbox 221 1720 351 1796; x_wconf 72' lang='lat' dir='ltr'><strong>bdmum</strong></span> <span class='ocrx_word' id='word_1_121' title='bbox 363 1741 460 1808; x_wconf 83' lang='lat' dir='ltr'><strong>tuom,</strong></span> <span class='ocrx_word' id='word_1_122' title='bbox 475 1738 588 1812; x_wconf 84' lang='lat' dir='ltr'><strong>tuoque</strong></span> <span class='ocrx_word' id='word_1_123' title='bbox 601 1732 703 1793; x_wconf 86' lang='lat' dir='ltr'><strong>omnio</strong></span> <span class='ocrx_word' id='word_1_124' title='bbox 716 1728 957 1811; x_wconf 84' lang='lat' dir='ltr'><strong>complectimur,</strong></span> <span class='ocrx_word' id='word_1_125' title='bbox 981 1729 1064 1791; x_wconf 84' lang='lat' dir='ltr'><strong>nullo</strong></span> <span class='ocrx_word' id='word_1_126' title='bbox 1077 1728 1142 1792; x_wconf 82' lang='lat' dir='ltr'><strong>dori</strong></span> <span class='ocrx_word' id='word_1_127' title='bbox 1157 1732 1254 1814; x_wconf 78' lang='lat' dir='ltr'><strong>possit</strong></span> <span class='ocrx_word' id='word_1_128' title='bbox 1268 1752 1380 1799; x_wconf 83' lang='lat' dir='ltr'><strong>coees-</strong></span> 
     </span>
     <span class='ocr_line' id='line_1_15' title="bbox 222 1825 1381 1913; baseline 0.005 -24"><span class='ocrx_word' id='word_1_129' title='bbox 222 1830 278 1890; x_wconf 89' lang='lat' dir='ltr'><strong>sio.</strong></span> <span class='ocrx_word' id='word_1_130' title='bbox 303 1830 378 1892; x_wconf 84' lang='lat' dir='ltr'><strong>Cum</strong></span> <span class='ocrx_word' id='word_1_131' title='bbox 396 1830 507 1910; x_wconf 88' lang='lat' dir='ltr'><strong>ipsum,</strong></span> <span class='ocrx_word' id='word_1_132' title='bbox 526 1827 550 1889; x_wconf 93' lang='lat' dir='ltr'><strong>si</strong></span> <span class='ocrx_word' id='word_1_133' title='bbox 572 1832 681 1890; x_wconf 79' lang='lat' dir='ltr'><strong>nostre</strong></span> <span class='ocrx_word' id='word_1_134' title='bbox 697 1825 843 1889; x_wconf 85' lang='lat' dir='ltr'><strong>voluntati</strong></span> <span class='ocrx_word' id='word_1_135' title='bbox 865 1826 1008 1908; x_wconf 88' lang='lat' dir='ltr'><strong>obsequi,</strong></span> <span class='ocrx_word' id='word_1_136' title='bbox 1030 1833 1224 1911; x_wconf 80' lang='lat' dir='ltr'><strong>nostramque</strong></span> <span class='ocrx_word' id='word_1_137' title='bbox 1245 1849 1323 1913; x_wconf 82' lang='lat' dir='ltr'><strong>ergo</strong></span> <span class='ocrx_word' id='word_1_138' title='bbox 1345 1853 1381 1898; x_wconf 86' lang='lat' dir='ltr'><strong>se</strong></span> 
     </span>
     <span class='ocr_line' id='line_1_16' title="bbox 223 1922 1379 2011; baseline 0.004 -24"><span class='ocrx_word' id='word_1_139' title='bbox 223 1926 405 2008; x_wconf 79' lang='lat' dir='ltr'><strong>amplificare</strong></span> <span class='ocrx_word' id='word_1_140' title='bbox 419 1924 547 2005; x_wconf 78' lang='lat' dir='ltr'><strong>gestium</strong></span> <span class='ocrx_word' id='word_1_141' title='bbox 565 1924 649 2009; x_wconf 90' lang='lat' dir='ltr'><strong>cupit</strong></span> <span class='ocrx_word' id='word_1_142' title='bbox 658 1971 666 2003; x_wconf 92' lang='lat'>,</span> <span class='ocrx_word' id='word_1_143' title='bbox 683 1942 738 1986; x_wconf 83' lang='lat' dir='ltr'><strong>sun</strong></span> <span class='ocrx_word' id='word_1_144' title='bbox 751 1942 822 2005; x_wconf 80' lang='lat' dir='ltr'><strong>erga</strong></span> <span class='ocrx_word' id='word_1_145' title='bbox 839 1924 882 1985; x_wconf 82' lang='lat' dir='ltr'><strong>Tc</strong></span> <span class='ocrx_word' id='word_1_146' title='bbox 896 1922 1092 1987; x_wconf 75' lang='lat' dir='ltr'><strong>observantie</strong></span> <span class='ocrx_word' id='word_1_147' title='bbox 1109 1924 1308 2011; x_wconf 85' lang='lat' dir='ltr'><strong>omniumque</strong></span> <span class='ocrx_word' id='word_1_148' title='bbox 1325 1930 1379 1993; x_wconf 91' lang='lat' dir='ltr'><strong>ol-</strong></span> 
     </span>
     <span class='ocr_line' id='line_1_17' title="bbox 224 2017 1380 2100; baseline 0.005 -17"><span class='ocrx_word' id='word_1_149' title='bbox 224 2022 360 2085; x_wconf 90' lang='lat' dir='ltr'><strong>llciorum</strong></span> <span class='ocrx_word' id='word_1_150' title='bbox 376 2020 545 2083; x_wconf 81' lang='lat' dir='ltr'><strong>coustantio</strong></span> <span class='ocrx_word' id='word_1_151' title='bbox 559 2021 655 2100; x_wconf 85' lang='lat' dir='ltr'><strong>magis</strong></span> <span class='ocrx_word' id='word_1_152' title='bbox 673 2021 704 2081; x_wconf 92' lang='lat' dir='ltr'><strong>in</strong></span> <span class='ocrx_word' id='word_1_153' title='bbox 722 2017 785 2081; x_wconf 87' lang='lat' dir='ltr'><strong>dies</strong></span> <span class='ocrx_word' id='word_1_154' title='bbox 799 2019 1048 2082; x_wconf 80' lang='lat' dir='ltr'><strong>confirmaturum</strong></span> <span class='ocrx_word' id='word_1_155' title='bbox 1063 2021 1093 2083; x_wconf 92' lang='lat' dir='ltr'><strong>id</strong></span> <span class='ocrx_word' id='word_1_156' title='bbox 1112 2038 1179 2085; x_wconf 90' lang='lat' dir='ltr'><strong>essc</strong></span> <span class='ocrx_word' id='word_1_157' title='bbox 1195 2038 1258 2087; x_wconf 92' lang='lat' dir='ltr'><strong>non</strong></span> <span class='ocrx_word' id='word_1_158' title='bbox 1278 2025 1380 2090; x_wconf 90' lang='lat' dir='ltr'><strong>dubi-</strong></span> 
     </span>
     <span class='ocr_line' id='line_1_18' title="bbox 223 2114 1380 2199; baseline 0.009 -20"><span class='ocrx_word' id='word_1_159' title='bbox 223 2114 333 2181; x_wconf 78' lang='lat' dir='ltr'><strong>ta&#39;mus.</strong></span> <span class='ocrx_word' id='word_1_160' title='bbox 349 2121 449 2199; x_wconf 74' lang='lat' dir='ltr'><strong>Atque</strong></span> <span class='ocrx_word' id='word_1_161' title='bbox 462 2123 495 2178; x_wconf 92' lang='lat' dir='ltr'><strong>ut</strong></span> <span class='ocrx_word' id='word_1_162' title='bbox 507 2121 665 2199; x_wconf 75' lang='lat' dir='ltr'><strong>paternum</strong></span> <span class='ocrx_word' id='word_1_163' title='bbox 678 2115 919 2178; x_wconf 82' lang='lat' dir='ltr'><strong>benevolentiam</strong></span> <span class='ocrx_word' id='word_1_164' title='bbox 930 2124 1065 2181; x_wconf 84' lang='lat' dir='ltr'><strong>nostram</strong></span> <span class='ocrx_word' id='word_1_165' title='bbox 1076 2120 1106 2180; x_wconf 91' lang='lat' dir='ltr'><strong>in</strong></span> <span class='ocrx_word' id='word_1_166' title='bbox 1115 2119 1272 2198; x_wconf 80' lang='lat' dir='ltr'><strong>subjectos</strong></span> <span class='ocrx_word' id='word_1_167' title='bbox 1281 2124 1380 2189; x_wconf 81' lang='lat' dir='ltr'><strong>etiam</strong></span> 
     </span>
     <span class='ocr_line' id='line_1_19' title="bbox 223 2206 1380 2303; baseline 0.006 -24"><span class='ocrx_word' id='word_1_168' title='bbox 223 2214 289 2279; x_wconf 83' lang='lat' dir='ltr'><strong>Tibi</strong></span> <span class='ocrx_word' id='word_1_169' title='bbox 307 2208 437 2300; x_wconf 89' lang='lat' dir='ltr'><strong>populos</strong></span> <span class='ocrx_word' id='word_1_170' title='bbox 451 2213 603 2276; x_wconf 80' lang='lat' dir='ltr'><strong>declarare</strong></span> <span class='ocrx_word' id='word_1_171' title='bbox 620 2213 726 2295; x_wconf 86' lang='lat' dir='ltr'><strong>possit,</strong></span> <span class='ocrx_word' id='word_1_172' title='bbox 743 2210 842 2275; x_wconf 88' lang='lat' dir='ltr'><strong>eidem</strong></span> <span class='ocrx_word' id='word_1_173' title='bbox 854 2213 1000 2294; x_wconf 87' lang='lat' dir='ltr'><strong>plurimus</strong></span> <span class='ocrx_word' id='word_1_174' title='bbox 1013 2206 1226 2296; x_wconf 76' lang='lat' dir='ltr'><strong>largiti&#39;sumus</strong></span> <span class='ocrx_word' id='word_1_175' title='bbox 1241 2219 1273 2281; x_wconf 93' lang='lat' dir='ltr'><strong>in</strong></span> <span class='ocrx_word' id='word_1_176' title='bbox 1289 2222 1380 2303; x_wconf 84' lang='lat' dir='ltr'><strong>spiri-</strong></span> 
     </span>
     <span class='ocr_line' id='line_1_20' title="bbox 225 2311 1381 2400; baseline 0.006 -24"><span class='ocrx_word' id='word_1_177' title='bbox 225 2314 304 2377; x_wconf 82' lang='lat' dir='ltr'><strong>tuale</strong></span> <span class='ocrx_word' id='word_1_178' title='bbox 324 2315 494 2376; x_wconf 83' lang='lat' dir='ltr'><strong>animorum</strong></span> <span class='ocrx_word' id='word_1_179' title='bbox 508 2311 675 2374; x_wconf 79' lang='lat' dir='ltr'><strong>subsidium</strong></span> <span class='ocrx_word' id='word_1_180' title='bbox 690 2311 859 2374; x_wconf 77' lang='lat' dir='ltr'><strong>facultates.</strong></span> <span class='ocrx_word' id='word_1_181' title='bbox 876 2312 1002 2373; x_wconf 84' lang='lat' dir='ltr'><strong>Demum</strong></span> <span class='ocrx_word' id='word_1_182' title='bbox 1017 2313 1048 2374; x_wconf 92' lang='lat' dir='ltr'><strong>in</strong></span> <span class='ocrx_word' id='word_1_183' title='bbox 1069 2314 1227 2394; x_wconf 79' lang='lat' dir='ltr'><strong>singularis</strong></span> <span class='ocrx_word' id='word_1_184' title='bbox 1239 2326 1381 2400; x_wconf 75' lang='lat' dir='ltr'><strong>paterne</strong></span> 
     </span>
     <span class='ocr_line' id='line_1_21' title="bbox 223 2408 1381 2493; baseline 0.008 -21"><span class='ocrx_word' id='word_1_185' title='bbox 223 2430 293 2490; x_wconf 75' lang='lat' dir='ltr'><strong>orgo</strong></span> <span class='ocrx_word' id='word_1_186' title='bbox 318 2414 361 2473; x_wconf 82' lang='lat' dir='ltr'><strong>&#39;le</strong></span> <span class='ocrx_word' id='word_1_187' title='bbox 386 2411 520 2473; x_wconf 81' lang='lat' dir='ltr'><strong>caritatis</strong></span> <span class='ocrx_word' id='word_1_188' title='bbox 537 2409 647 2490; x_wconf 76' lang='lat' dir='ltr'><strong>pignus</strong></span> <span class='ocrx_word' id='word_1_189' title='bbox 671 2409 868 2490; x_wconf 77' lang='lat' dir='ltr'><strong>apostolicum</strong></span> <span class='ocrx_word' id='word_1_190' title='bbox 890 2408 1128 2473; x_wconf 80' lang='lat' dir='ltr'><strong>benedictionem</strong></span> <span class='ocrx_word' id='word_1_191' title='bbox 1151 2429 1244 2493; x_wconf 84' lang='lat' dir='ltr'><strong>quom</strong></span> <span class='ocrx_word' id='word_1_192' title='bbox 1267 2416 1381 2482; x_wconf 80' lang='lat' dir='ltr'><strong>divinae</strong></span> 
     </span>
     <span class='ocr_line' id='line_1_22' title="bbox 227 2509 1428 2590; baseline 0.007 -18"><span class='ocrx_word' id='word_1_193' title='bbox 227 2512 392 2590; x_wconf 75' lang='lat' dir='ltr'><strong>praesertim</strong></span> <span class='ocrx_word' id='word_1_194' title='bbox 412 2510 515 2588; x_wconf 82' lang='lat' dir='ltr'><strong>gratiae</strong></span> <span class='ocrx_word' id='word_1_195' title='bbox 530 2510 683 2589; x_wconf 77' lang='lat' dir='ltr'><strong>auspicem</strong></span> <span class='ocrx_word' id='word_1_196' title='bbox 698 2527 764 2570; x_wconf 88' lang='lat' dir='ltr'><strong>esse</strong></span> <span class='ocrx_word' id='word_1_197' title='bbox 781 2509 920 2570; x_wconf 88' lang='lat' dir='ltr'><strong>volumus</strong></span> <span class='ocrx_word' id='word_1_198' title='bbox 932 2509 1017 2584; x_wconf 82' lang='lat' dir='ltr'><strong>Tibi,</strong></span> <span class='ocrx_word' id='word_1_199' title='bbox 1031 2512 1188 2574; x_wconf 81' lang='lat' dir='ltr'><strong>Carissimo</strong></span> <span class='ocrx_word' id='word_1_200' title='bbox 1209 2514 1241 2575; x_wconf 90' lang='lat' dir='ltr'><strong>in</strong></span> <span class='ocrx_word' id='word_1_201' title='bbox 1256 2517 1379 2581; x_wconf 88' lang='lat' dir='ltr'><strong>Christo</strong></span> <span class='ocrx_word' id='word_1_202' title='bbox 1421 2514 1428 2535; x_wconf 85' lang='grc'><em>“</em></span> 
     </span>
     <span class='ocr_line' id='line_1_23' title="bbox 227 2605 1378 2690; baseline 0.012 -24"><span class='ocrx_word' id='word_1_203' title='bbox 227 2607 267 2667; x_wconf 88' lang='grc'>1111</span> <span class='ocrx_word' id='word_1_204' title='bbox 283 2614 395 2682; x_wconf 85' lang='lat' dir='ltr'><strong>noster,</strong></span> <span class='ocrx_word' id='word_1_205' title='bbox 416 2615 533 2687; x_wconf 83' lang='lat' dir='ltr'><strong>tuaeque</strong></span> <span class='ocrx_word' id='word_1_206' title='bbox 554 2605 642 2685; x_wconf 78' lang='lat' dir='ltr'><strong>regite</strong></span> <span class='ocrx_word' id='word_1_207' title='bbox 663 2605 783 2667; x_wconf 82' lang='lat' dir='ltr'><strong>lamiliae</strong></span> <span class='ocrx_word' id='word_1_208' title='bbox 806 2607 1010 2669; x_wconf 78' lang='lat' dir='ltr'><strong>eruentissime</strong></span> <span class='ocrx_word' id='word_1_209' title='bbox 1034 2608 1235 2690; x_wconf 88' lang='lat' dir='ltr'><strong>impertimur.</strong></span> <span class='ocrx_word' id='word_1_210' title='bbox 1259 2617 1378 2682; x_wconf 75' lang='lat' dir='ltr'><strong>Dolum</strong></span> 
     </span>
     <span class='ocr_line' id='line_1_24' title="bbox 227 2706 1249 2788; baseline 0.007 -23"><span class='ocrx_word' id='word_1_211' title='bbox 227 2707 339 2783; x_wconf 77' lang='lat' dir='ltr'><strong>Romo,</strong></span> <span class='ocrx_word' id='word_1_212' title='bbox 352 2713 423 2777; x_wconf 66' lang='lat' dir='ltr'><strong>etc„</strong></span> <span class='ocrx_word' id='word_1_213' title='bbox 439 2715 473 2764; x_wconf 85' lang='grc'><strong>19</strong></span> <span class='ocrx_word' id='word_1_214' title='bbox 478 2706 621 2780; x_wconf 83' lang='lat' dir='ltr'><strong>junuarii</strong></span> <span class='ocrx_word' id='word_1_215' title='bbox 638 2715 724 2780; x_wconf 80' lang='grc'>1771,</span> <span class='ocrx_word' id='word_1_216' title='bbox 736 2706 928 2783; x_wconf 76' lang='lat' dir='ltr'><strong>pontificatur</strong></span> <span class='ocrx_word' id='word_1_217' title='bbox 942 2710 1035 2766; x_wconf 82' lang='lat' dir='ltr'><strong>nostri</strong></span> <span class='ocrx_word' id='word_1_218' title='bbox 1049 2725 1128 2770; x_wconf 79' lang='lat' dir='ltr'><strong>anno</strong></span> <span class='ocrx_word' id='word_1_219' title='bbox 1135 2715 1249 2788; x_wconf 82' lang='lat' dir='ltr'><strong>primo.</strong></span> 
     </span>
    </p>
   </div>
   <div class='ocr_carea' id='block_1_3' title="bbox 705 2844 887 2858">
    <p class='ocr_par' dir='ltr' id='par_1_4' title="bbox 705 2844 887 2858">
     <span class='ocr_line' id='line_1_25' title="bbox 705 2844 887 2858; baseline 0.022 -4"><span class='ocrx_word' id='word_1_220' title='bbox 705 2844 887 2858; x_wconf 73' lang='lat' dir='ltr'><strong>e——-——</strong></span> 
     </span>
    </p>
   </div>
   <div class='ocr_carea' id='block_1_4' title="bbox 763 2966 831 3036">
    <p class='ocr_par' dir='ltr' id='par_1_5' title="bbox 763 2966 831 3036">
     <span class='ocr_line' id='line_1_26' title="bbox 763 2966 831 3036; baseline 0.015 -1"><span class='ocrx_word' id='word_1_221' title='bbox 763 2966 831 3036; x_wconf 83' lang='lat' dir='ltr'><strong>Lll.</strong></span> 
     </span>
    </p>
   </div>
   <div class='ocr_carea' id='block_1_5' title="bbox 567 3138 1034 3184">
    <p class='ocr_par' dir='ltr' id='par_1_6' title="bbox 567 3138 1034 3184">
     <span class='ocr_line' id='line_1_27' title="bbox 567 3138 1034 3184; baseline 0 -1"><span class='ocrx_word' id='word_1_222' title='bbox 567 3138 702 3184; x_wconf 71' lang='lat' dir='ltr'><strong>mucro</strong></span> <span class='ocrx_word' id='word_1_223' title='bbox 725 3139 812 3183; x_wconf 82' lang='lat' dir='ltr'><strong>mlo</strong></span> <span class='ocrx_word' id='word_1_224' title='bbox 835 3140 941 3184; x_wconf 73' lang='lat' dir='ltr'><strong>noum</strong></span> <span class='ocrx_word' id='word_1_225' title='bbox 961 3140 1034 3184; x_wconf 77' lang='lat' dir='ltr'><strong>tuto</strong></span> 
     </span>
    </p>
   </div>
   <div class='ocr_carea' id='block_1_6' title="bbox 472 3254 1126 3449">
    <p class='ocr_par' dir='ltr' id='par_1_7' title="bbox 472 3254 1126 3449">
     <span class='ocr_line' id='line_1_28' title="bbox 611 3254 986 3315; baseline 0.008 -4"><span class='ocrx_word' id='word_1_226' title='bbox 611 3254 746 3314; x_wconf 77' lang='lat' dir='ltr'><strong>cotsst&#39;t</strong></span> <span class='ocrx_word' id='word_1_227' title='bbox 768 3255 818 3313; x_wconf 82' lang='lat' dir='ltr'><strong>DIi</strong></span> <span class='ocrx_word' id='word_1_228' title='bbox 838 3256 986 3315; x_wconf 79' lang='lat' dir='ltr'><strong>OEYRAS</strong></span> 
     </span>
     <span class='ocr_line' id='line_1_29' title="bbox 472 3367 1126 3449; baseline 0.003 -17"><span class='ocrx_word' id='word_1_229' title='bbox 472 3382 565 3433; x_wconf 82' lang='lat' dir='ltr'><strong>nucis</strong></span> <span class='ocrx_word' id='word_1_230' title='bbox 579 3382 771 3438; x_wconf 71' lang='lat' dir='ltr'><strong>rmoummr</strong></span> <span class='ocrx_word' id='word_1_231' title='bbox 787 3385 980 3436; x_wconf 75' lang='lat' dir='ltr'><strong>succursum</strong></span> <span class='ocrx_word' id='word_1_232' title='bbox 996 3367 1126 3449; x_wconf 79' lang='lat' dir='ltr'><strong>srur&#39;us,</strong></span> 
     </span>
    </p>
   </div>
   <div class='ocr_carea' id='block_1_7' title="bbox 532 3496 1059 3582">
    <p class='ocr_par' dir='ltr' id='par_1_8' title="bbox 532 3496 1059 3582">
     <span class='ocr_line' id='line_1_30' title="bbox 532 3496 1059 3582; baseline 0.008 -6"><span class='ocrx_word' id='word_1_233' title='bbox 532 3496 766 3579; x_wconf 77' lang='lat' dir='ltr'>CLEMENS</span> <span class='ocrx_word' id='word_1_234' title='bbox 794 3502 923 3582; x_wconf 86' lang='lat' dir='ltr'><strong>PAPA</strong></span> <span class='ocrx_word' id='word_1_235' title='bbox 951 3500 1059 3581; x_wconf 88' lang='lat' dir='ltr'><strong>XIV.</strong></span> 
     </span>
    </p>
   </div>
   <div class='ocr_carea' id='block_1_8' title="bbox 973 3657 1311 3730">
    <p class='ocr_par' dir='ltr' id='par_1_9' title="bbox 973 3657 1311 3730">
     <span class='ocr_line' id='line_1_31' title="bbox 973 3657 1311 3730; baseline 0.006 -11"><span class='ocrx_word' id='word_1_236' title='bbox 973 3672 1066 3730; x_wconf 74' lang='grc'>1111111,</span> <span class='ocrx_word' id='word_1_237' title='bbox 1084 3657 1311 3730; x_wconf 63' lang='lat' dir='ltr'><strong>relucentne</strong></span> 
     </span>
    </p>
   </div>
   <div class='ocr_carea' id='block_1_9' title="bbox 223 3773 1380 4546">
    <p class='ocr_par' dir='ltr' id='par_1_10' title="bbox 223 3773 1380 4546">
     <span class='ocr_line' id='line_1_32' title="bbox 266 3773 1378 3858; baseline 0.005 -23"><span class='ocrx_word' id='word_1_238' title='bbox 266 3774 391 3847; x_wconf 76' lang='lat' dir='ltr'><strong>Dilecto,</strong></span> <span class='ocrx_word' id='word_1_239' title='bbox 408 3776 576 3850; x_wconf 65' lang='grc'>1111011111</span> <span class='ocrx_word' id='word_1_240' title='bbox 592 3774 734 3837; x_wconf 82' lang='lat' dir='ltr'><strong>eximium</strong></span> <span class='ocrx_word' id='word_1_241' title='bbox 748 3776 841 3838; x_wconf 88' lang='lat' dir='ltr'><strong>Nobis</strong></span> <span class='ocrx_word' id='word_1_242' title='bbox 859 3796 894 3838; x_wconf 82' lang='lat' dir='ltr'><strong>ac</strong></span> <span class='ocrx_word' id='word_1_243' title='bbox 911 3776 1081 3858; x_wconf 76' lang='lat' dir='ltr'><strong>apostolice</strong></span> <span class='ocrx_word' id='word_1_244' title='bbox 1095 3773 1168 3838; x_wconf 89' lang='lat' dir='ltr'><strong>buic</strong></span> <span class='ocrx_word' id='word_1_245' title='bbox 1182 3775 1246 3838; x_wconf 88' lang='lat' dir='ltr'><strong>sedi</strong></span> <span class='ocrx_word' id='word_1_246' title='bbox 1255 3776 1378 3841; x_wconf 66' lang='lat' dir='ltr'><strong>nutasti</strong></span> 
     </span>
     <span class='ocr_line' id='line_1_33' title="bbox 225 3872 1379 3961; baseline 0.003 -26"><span class='ocrx_word' id='word_1_247' title='bbox 225 3892 348 3955; x_wconf 81' lang='lat' dir='ltr'><strong>operam</strong></span> <span class='ocrx_word' id='word_1_248' title='bbox 369 3880 454 3935; x_wconf 85' lang='lat' dir='ltr'><strong>tuum</strong></span> <span class='ocrx_word' id='word_1_249' title='bbox 470 3875 508 3935; x_wconf 82' lang='lat' dir='ltr'><strong>cd</strong></span> <span class='ocrx_word' id='word_1_250' title='bbox 527 3874 691 3937; x_wconf 76' lang='lat' dir='ltr'><strong>ineundam</strong></span> <span class='ocrx_word' id='word_1_251' title='bbox 715 3892 785 3937; x_wconf 92' lang='lat' dir='ltr'><strong>cum</strong></span> <span class='ocrx_word' id='word_1_252' title='bbox 808 3877 965 3938; x_wconf 82' lang='lat' dir='ltr'><strong>carissimo</strong></span> <span class='ocrx_word' id='word_1_253' title='bbox 988 3876 1019 3938; x_wconf 93' lang='lat' dir='ltr'><strong>in</strong></span> <span class='ocrx_word' id='word_1_254' title='bbox 1041 3875 1158 3938; x_wconf 85' lang='lat' dir='ltr'><strong>Christo</strong></span> <span class='ocrx_word' id='word_1_255' title='bbox 1182 3872 1246 3937; x_wconf 82' lang='lat' dir='ltr'><strong>tilio</strong></span> <span class='ocrx_word' id='word_1_256' title='bbox 1267 3882 1379 3961; x_wconf 82' lang='lat' dir='ltr'><strong>nostro</strong></span> 
     </span>
     <span class='ocr_line' id='line_1_34' title="bbox 223 3968 1379 4055; baseline 0.001 -21"><span class='ocrx_word' id='word_1_257' title='bbox 223 3968 358 4052; x_wconf 85' lang='lat' dir='ltr'><strong>losepho</strong></span> <span class='ocrx_word' id='word_1_258' title='bbox 366 3972 802 4054; x_wconf 76' lang='lat' dir='ltr'><strong>Portngatticetntgorblorum</strong></span> <span class='ocrx_word' id='word_1_259' title='bbox 811 3973 1083 4055; x_wconf 70' lang='lat' dir='ltr'><strong>llegclb&#39;delissimo</strong></span> <span class='ocrx_word' id='word_1_260' title='bbox 1093 3968 1299 4047; x_wconf 81' lang='lat' dir='ltr'><strong>concordium,</strong></span> <span class='ocrx_word' id='word_1_261' title='bbox 1312 3970 1379 4035; x_wconf 86' lang='lat' dir='ltr'><strong>irbo</strong></span> 
     </span>
     <span class='ocr_line' id='line_1_35' title="bbox 225 4066 1380 4153; baseline 0 -21"><span class='ocrx_word' id='word_1_262' title='bbox 225 4069 263 4132; x_wconf 89' lang='lat' dir='ltr'><strong>ad</strong></span> <span class='ocrx_word' id='word_1_263' title='bbox 271 4066 369 4132; x_wconf 90' lang='lat' dir='ltr'><strong>multo</strong></span> <span class='ocrx_word' id='word_1_264' title='bbox 379 4067 501 4144; x_wconf 74' lang='lat' dir='ltr'><strong>orobos,</strong></span> <span class='ocrx_word' id='word_1_265' title='bbox 513 4088 605 4151; x_wconf 84' lang='lat' dir='ltr'><strong>quom</strong></span> <span class='ocrx_word' id='word_1_266' title='bbox 616 4089 751 4153; x_wconf 84' lang='lat' dir='ltr'><strong>tmqncm</strong></span> <span class='ocrx_word' id='word_1_267' title='bbox 765 4072 833 4151; x_wconf 87' lang='lat' dir='ltr'><strong>luit,</strong></span> <span class='ocrx_word' id='word_1_268' title='bbox 848 4073 959 4135; x_wconf 85' lang='lat' dir='ltr'><strong>amoris</strong></span> <span class='ocrx_word' id='word_1_269' title='bbox 968 4071 1134 4148; x_wconf 88' lang='lat' dir='ltr'><strong>vinculum,</strong></span> <span class='ocrx_word' id='word_1_270' title='bbox 1146 4066 1227 4151; x_wconf 77' lang='lat' dir='ltr'><strong>quod</strong></span> <span class='ocrx_word' id='word_1_271' title='bbox 1238 4069 1380 4132; x_wconf 82' lang='lat' dir='ltr'><strong>maxime</strong></span> 
     </span>
     <span class='ocr_line' id='line_1_36' title="bbox 224 4163 1377 4248; baseline 0 -21"><span class='ocrx_word' id='word_1_272' title='bbox 224 4167 372 4248; x_wconf 84' lang='lat' dir='ltr'><strong>cupimus,</strong></span> <span class='ocrx_word' id='word_1_273' title='bbox 386 4163 642 4244; x_wconf 74' lang='lat' dir='ltr'><strong>adstringendum,</strong></span> <span class='ocrx_word' id='word_1_274' title='bbox 653 4168 758 4231; x_wconf 85' lang='lat' dir='ltr'><strong>eudem</strong></span> <span class='ocrx_word' id='word_1_275' title='bbox 773 4188 853 4232; x_wconf 89' lang='lat' dir='ltr'><strong>nunc</strong></span> <span class='ocrx_word' id='word_1_276' title='bbox 866 4170 1058 4233; x_wconf 84' lang='lat' dir='ltr'><strong>vehementer</strong></span> <span class='ocrx_word' id='word_1_277' title='bbox 1069 4166 1223 4231; x_wconf 86' lang='lat' dir='ltr'><strong>innitimur</strong></span> <span class='ocrx_word' id='word_1_278' title='bbox 1239 4165 1277 4228; x_wconf 78' lang='lat' dir='ltr'><strong>cd</strong></span> <span class='ocrx_word' id='word_1_279' title='bbox 1290 4185 1377 4247; x_wconf 86' lang='lat' dir='ltr'><strong>corn-</strong></span> 
     </span>
     <span class='ocr_line' id='line_1_37' title="bbox 224 4262 1377 4332; baseline 0.003 -8"><span class='ocrx_word' id='word_1_280' title='bbox 224 4266 426 4330; x_wconf 84' lang='lat' dir='ltr'><strong>mendondom</strong></span> <span class='ocrx_word' id='word_1_281' title='bbox 439 4262 506 4328; x_wconf 80' lang='lat' dir='ltr'><strong>&#39;libi</strong></span> <span class='ocrx_word' id='word_1_282' title='bbox 519 4266 718 4330; x_wconf 80' lang='lat' dir='ltr'><strong>venerabilem</strong></span> <span class='ocrx_word' id='word_1_283' title='bbox 730 4267 854 4332; x_wconf 80' lang='grc'>11111111</span> <span class='ocrx_word' id='word_1_284' title='bbox 867 4269 1074 4332; x_wconf 89' lang='lat' dir='ltr'><strong>innocentium</strong></span> <span class='ocrx_word' id='word_1_285' title='bbox 1087 4268 1124 4329; x_wconf 93' lang='lat' dir='ltr'><strong>de</strong></span> <span class='ocrx_word' id='word_1_286' title='bbox 1136 4264 1304 4328; x_wconf 82' lang='lat' dir='ltr'><strong>Comitibus</strong></span> <span class='ocrx_word' id='word_1_287' title='bbox 1323 4284 1377 4328; x_wconf 78' lang='lat' dir='ltr'><strong>cr·-</strong></span> 
     </span>
     <span class='ocr_line' id='line_1_38' title="bbox 225 4360 1376 4447; baseline 0.006 -27"><span class='ocrx_word' id='word_1_288' title='bbox 225 4360 974 4446; x_wconf 72' lang='lat' dir='ltr'><strong>cbiopiscopumlyri,quem0rdinoriumnostrum</strong></span> <span class='ocrx_word' id='word_1_289' title='bbox 986 4365 1195 4447; x_wconf 77' lang='lat' dir='ltr'><strong>etapostolicn</strong></span> <span class='ocrx_word' id='word_1_290' title='bbox 1204 4364 1376 4428; x_wconf 84' lang='lat' dir='ltr'><strong>sedisllun·</strong></span> 
     </span>
     <span class='ocr_line' id='line_1_39' title="bbox 224 4458 1375 4546; baseline 0.007 -27"><span class='ocrx_word' id='word_1_291' title='bbox 224 4458 305 4521; x_wconf 87' lang='lat' dir='ltr'><strong>cium</strong></span> <span class='ocrx_word' id='word_1_292' title='bbox 315 4458 411 4523; x_wconf 88' lang='lat' dir='ltr'><strong>isthuc</strong></span> <span class='ocrx_word' id='word_1_293' title='bbox 422 4462 582 4525; x_wconf 88' lang='lat' dir='ltr'><strong>mittimus.</strong></span> <span class='ocrx_word' id='word_1_294' title='bbox 591 4465 660 4538; x_wconf 79' lang='lat' dir='ltr'><strong>Quo</strong></span> <span class='ocrx_word' id='word_1_295' title='bbox 670 4464 700 4524; x_wconf 92' lang='lat' dir='ltr'><strong>in</strong></span> <span class='ocrx_word' id='word_1_296' title='bbox 712 4463 820 4526; x_wconf 89' lang='lat' dir='ltr'><strong>eodem</strong></span> <span class='ocrx_word' id='word_1_297' title='bbox 828 4464 898 4543; x_wconf 85' lang='lat' dir='ltr'><strong>sint,</strong></span> <span class='ocrx_word' id='word_1_298' title='bbox 911 4484 1003 4545; x_wconf 82' lang='lat' dir='ltr'><strong>qtrom</strong></span> <span class='ocrx_word' id='word_1_299' title='bbox 1014 4464 1163 4546; x_wconf 79' lang='lat' dir='ltr'><strong>preclare</strong></span> <span class='ocrx_word' id='word_1_300' title='bbox 1174 4462 1264 4526; x_wconf 80' lang='lat' dir='ltr'><strong>animi</strong></span> <span class='ocrx_word' id='word_1_301' title='bbox 1273 4460 1375 4542; x_wconf 83' lang='lat' dir='ltr'><strong>dotcs,</strong></span> 
     </span>
    </p>
   </div>
   <div class='ocr_carea' id='block_1_10' title="bbox 0 0 1602 5354">
    <p class='ocr_par' dir='ltr' id='par_1_11' title="bbox 0 0 1602 5354">
     <span class='ocr_line' id='line_1_40' title="bbox 0 0 1602 5354; baseline 0 0"><span class='ocrx_word' id='word_1_302' title='bbox 0 0 1602 5354; x_wconf 95' lang='lat' dir='ltr'><strong> </strong></span> 
     </span>
    </p>
   </div>
  </div>
 </body>
</html>
