3194 5354
229 485 280 531 264
660 477 863 530 caementis
880 477 945 529 XlV

229 585 323 645 toliere
335 583 419 643 Sedis
433 581 575 643 ordinarii
589 580 686 642 nuntii
707 581 787 660 apud
802 588 830 641 te
843 598 954 642 munus
968 585 1108 660 peragat,
1123 586 1215 659 atquc
1230 579 1274 641 ita
1288 598 1378 661 pera-

226 688 293 761 gat,
307 689 341 742 ut
359 681 541 760 singularem
555 685 693 740 nostrum
706 697 777 759 erga
793 687 822 740 te
834 697 969 740 amorem
981 679 1035 740 tibi
1049 679 1079 739 in
1091 679 1158 741 dies
1170 680 1377 756 testaturam,

226 786 257 839 et
277 786 415 840 mutuam
432 779 508 839 inter
522 795 579 838 nos
592 778 834 855 conjunctionem
853 777 980 839 assiduis
994 777 1101 839 officiis
1114 796 1152 839 ac
1166 778 1275 841 studiis
1286 799 1378 843 cons

226 874 390 936 trictiorem
403 875 505 936 iaciat.
521 875 608 935 ltlum
620 882 653 934 ut
665 875 702 934 ad
716 882 746 935 te
756 876 932 953 adeuntem,
946 895 1007 956 qua
1027 876 1105 938 soles
1121 877 1194 957 regii
1214 878 1309 939 animi
1327 888 1379 941 tua

225 971 413 1047 bumilitate,
428 990 462 1032 ac
472 971 657 1050 benignitate
669 971 816 1052 excipias,
829 971 915 1052 eique
927 972 1017 1033 rebus
1028 972 1057 1032 in
1070 971 1210 1033 omnibus
1220 971 1314 1035 fidem
1325 973 1378 1036 ba·

227 1069 298 1130 beas
311 1069 437 1150 proinde
451 1086 487 1129 ac
507 1068 530 1128 si
545 1075 646 1128 tecum
660 1076 819 1149 presentes
842 1069 903 1129 Nos
922 1069 978 1148 ipsi
998 1086 1165 1147 ageremus,
1184 1087 1202 1128 a
1220 1070 1379 1147 Maiestate

225 1169 290 1228 Tua
299 1167 446 1244 maiorem
459 1165 490 1227 in
502 1164 628 1225 modum
638 1165 779 1245 petimus.
793 1166 868 1227 Cum
883 1172 986 1227 nostra
998 1183 1090 1226 causa
1100 1164 1168 1226 teid
1179 1165 1379 1229 libentissime

225 1280 281 1343 pro
291 1268 343 1324 tua
357 1263 386 1323 in
400 1264 461 1324 Nos
471 1262 582 1344 pietate
593 1260 743 1324 lucturum
754 1261 950 1340 confidimus,
963 1270 1029 1324 tum
1042 1262 1206 1343 plurimum
1216 1262 1313 1324 ctiam
1325 1263 1378 1325 da·

225 1366 324 1421 turam
333 1379 394 1420 non
408 1358 582 1423 dubitamus
593 1359 803 1440 prestantibus
820 1359 930 1440 egregii
943 1359 996 1420 viri
1009 1358 1134 1436 meritis,
1146 1359 1198 1440 qui
1210 1359 1377 1440 adgeneris

224 1456 390 1518 claritatem
400 1457 526 1518 eximias
538 1456 628 1518 animi
644 1455 741 1533 dotes,
754 1456 905 1536 religionis
917 1455 1062 1533 studium,
1070 1456 1288 1536 integritatem,
1300 1475 1377 1537 pru-

224 1553 375 1632 dentiam,
391 1554 484 1616 fidem
500 1554 646 1634 adjungit.
670 1555 736 1614 Huc
755 1554 870 1616 accedit
885 1554 1043 1632 singularis
1062 1554 1128 1632 ejus
1149 1572 1186 1614 ac
1207 1552 1374 1617 domestica

223 1649 304 1728 laus,
326 1670 392 1731 que
412 1670 430 1711 a
446 1651 612 1712 clarissimo
626 1650 691 1712 viro
708 1658 824 1731 turaque
847 1651 1006 1713 Catbotice
1018 1654 1131 1714 Domus
1154 1649 1375 1713 studiosissimo

223 1757 332 1828 patruo
360 1768 414 1810 suo
432 1756 589 1829 tamquam
611 1749 754 1828 praeclara
771 1748 928 1810 baereditas
949 1754 994 1809 est
1012 1747 1064 1809 illa
1080 1747 1207 1824 tradita,
1229 1746 1373 1808 nimirum

223 1864 296 1923 erga
316 1848 503 1924 Maiestatem
523 1848 620 1906 Tuam
634 1844 761 1906 mirifica
781 1844 971 1907 observantia
986 1850 1076 1924 atquc
1092 1844 1208 1921 cultus,
1223 1860 1316 1924 quam
1331 1844 1373 1905 ob

223 1959 287 2003 rem
306 1942 360 2003 tibi
383 1943 475 2004 etiam
502 1941 632 2005 eundem
654 1941 984 2003 commendatissimum
1009 1948 1100 2022 atque
1126 1940 1373 2021 acceptissimum

223 2040 287 2102 lore
298 2041 492 2118 arbitramur,
504 2058 609 2103 verum
619 2057 816 2119 quecumque
830 2038 903 2118 regii
916 2039 1073 2120 patrocinii
1087 2058 1124 2100 ac
1135 2039 1248 2101 laveris
1262 2037 1373 2101 indicia

224 2139 278 2201 abs
291 2147 321 2202 te
335 2141 376 2202 illi
390 2141 499 2203 luerint
519 2139 669 2220 prestita,
684 2137 791 2200 eadem
811 2138 904 2200 Nobis
919 2137 1090 2218 gratissima
1104 2138 1206 2200 lutura
1225 2146 1372 2217 tanquam

223 2238 266 2298 tui
286 2238 316 2299 iu
331 2240 392 2301 Nos
404 2237 515 2300 amoris
530 2243 706 2317 argumenta
718 2237 779 2298 Nos
790 2242 982 2316 reputaturus
992 2236 1181 2316 profitemur.
1194 2237 1232 2295 Et
1243 2242 1373 2314 paterna

223 2341 331 2395 nostre
348 2352 473 2397 summa
486 2352 558 2413 erga
571 2340 601 2395 te
621 2333 755 2395 caritatis
776 2333 900 2413 pignus,
922 2351 958 2394 ac
971 2332 1134 2395 celestium
1154 2331 1371 2395 beneficiorum

222 2431 375 2511 auspicem
399 2431 596 2511 apostolicam
616 2429 856 2493 benedictionem
880 2429 950 2506 tibi,
974 2430 1127 2514 carissime
1148 2429 1178 2489 in
1196 2427 1316 2490 Christo
1331 2427 1369 2490 lili

223 2537 334 2606 noster,
350 2537 468 2608 tuaeque
485 2528 698 2608 regialamilia
708 2528 815 2589 intimo
826 2528 925 2589 cordis
937 2528 1032 2591 nostri
1043 2527 1152 2590 attactu
1165 2526 1369 2589 amantissime

223 2625 422 2705 impertimur.
447 2628 558 2713 Dutupa
578 2627 689 2702 Romu,
703 2625 787 2703 opud
804 2625 837 2686 S.
859 2628 991 2696 Mariam
1002 2628 1163 2702 Maiorem,
1183 2625 1238 2686 suc
1258 2628 1370 2688 manto

220 2726 389 2800 punctam,
409 2723 459 2783 die
479 2733 516 2782 aa
537 2727 659 2800 augusti
679 2725 976 2800 171³,ponttficutus
991 2728 1084 2784 nostri
1100 2741 1180 2785 uano
1194 2726 1311 2803 quinto.
1404 2786 1408 2797 ,

694 2963 895 3034 ccxxxiii.

473 3122 644 3165 canrssruo
667 3123 700 3163 ru
725 3121 858 3164 cunrsro
882 3121 967 3163 rrrro
992 3120 1110 3163 nosrrn

347 3240 532 3299 vlcromo
553 3239 714 3299 AMADEO
735 3237 931 3298 saabmtln
951 3235 1044 3296 REGI
1065 3234 1244 3296 ILLUSTltl

536 3360 770 3438 CLEMENS
797 3362 925 3439 PAPA
953 3361 1060 3439 XIV.

956 3512 1053 3569 noma,
1069 3515 1100 3560 28
1112 3511 1206 3572 augunt
1223 3511 1288 3558 tm.

265 3611 435 3676 Curisaimc,
458 3613 516 3667 etc.
533 3606 593 3666 Etsi
615 3607 763 3685 Maiestati
784 3610 855 3668 Ture
879 3607 909 3668 in
932 3607 1005 3686 ipsis
1026 3606 1108 3686 regni
1129 3604 1234 3681 initiis,
1254 3602 1368 3684 quibus

223 3705 351 3766 maxime
362 3702 518 3783 potuimus
528 3702 796 3782 significationibus
808 3703 910 3782 palam
919 3702 1095 3780 fecerimus,
1107 3718 1197 3783 quam
1205 3699 1371 3780 singularia

222 3802 282 3862 sint
299 3806 402 3861 nostra
424 3799 454 3860 in
475 3808 505 3861 te
519 3799 635 3877 studia,
657 3807 830 3882 quantoque
851 3799 943 3862 animi
966 3800 1073 3862 ardore
1091 3799 1146 3862 tibi
1168 3814 1314 3881 prospera
1335 3815 1370 3858 ac

223 3896 438 3960 secundissima
453 3898 557 3959 omnia
572 3917 590 3959 a
610 3901 671 3960 lleo
685 3898 900 3979 deprecemur3
922 3904 1023 3959 tamen
1036 3914 1073 3958 ea
1086 3903 1132 3960 est
1151 3901 1256 3957 nostra
1268 3893 1307 3956 de
1319 3912 1371 3955 re-

222 3997 342 4078 ligione,
351 3993 509 4074 sapientia,
522 3995 687 4076 ceterisque
696 3995 784 4076 regiis
796 3994 958 4058 virtutibus
966 3995 1026 4057 tuis
1037 3992 1151 4076 opinio,
1167 4010 1203 4057 ao
1214 3999 1372 4071 tantopere

222 4102 322 4155 noster
338 4090 408 4153 inde
425 4088 577 4170 profectus
586 4137 595 4168 ,
614 4098 704 4171 atque
728 4100 843 4172 ergata
860 4098 968 4154 auctus
979 4097 1025 4153 est
1040 4107 1137 4167 amor,
1153 4095 1187 4150 ut
1200 4087 1337 4150 obtinere
1354 4106 1372 4148 a

222 4190 314 4250 Nobis
336 4188 408 4271 ipsis
427 4187 510 4249 nullo
524 4187 616 4250 modo
629 4189 801 4268 valeamus,
815 4189 888 4270 quin
907 4189 1041 4252 caritatis
1060 4194 1171 4251 nostra
1184 4184 1373 4266 magnitudi-

223 4307 305 4364 nem,
317 4289 341 4349 si
354 4289 453 4349 minus
467 4286 615 4368 explicare
632 4289 704 4350 satis
716 4307 895 4369 possumus,
908 4286 1092 4349 testatiorem
1109 4291 1190 4347 certe
1204 4281 1306 4362 aliqua
1323 4281 1373 4344 ol-

224 4383 283 4445 licii
298 4384 547 4464 redintegratione
556 4384 712 4447 faciamus.
730 4387 836 4446 Patere
848 4386 968 4465 itaque,
983 4383 1138 4446 carissime
1154 4382 1186 4443 in
1198 4379 1318 4442 Christo
1329 4378 1371 4441 lili

225 4487 381 4555 noster,ut
397 4487 521 4561 paterno
534 4488 596 4543 tam
606 4481 715 4543 eximio
728 4480 758 4541 in
772 4488 800 4543 ta
814 4482 914 4542 animo
926 4500 1041 4544 morem
1051 4478 1279 4561 quodammodo
1289 4494 1373 4541 nuno
