3194 5354
477 469 575 524 arist
576 469 657 524 01,AE
675 471 720 524 ET
740 468 875 524 nautia
895 468 1128 525 schamtona.
1328 478 1378 528 ibi

233 572 496 653 simurnpignusin
505 574 991 655 apostolicalrcuedictione,quam
1000 575 1378 654 tibi‚VenerabilisFrater,

231 677 350 751 tuaque
367 670 435 732 iidei
457 671 618 732 commisso
635 672 747 753 populo
765 678 955 752 peramanter
971 672 1169 753 impertimur.
1191 677 1301 736 ὓαῑιιηι
1316 678 1378 737 Ro-

229 791 302 843 nar,
319 779 389 841 etc„
405 772 454 832 die
472 784 506 832 10
517 774 684 834 novembris
699 784 786 849 177⁰,
798 775 994 850 pontificatus
1008 775 1106 831 nostri
1122 773 1352 833 onaoseeundo.

750 1046 848 1116 Cllll.

538 1205 771 1284 CLEMENS
798 1210 925 1286 PAPA
954 1209 1060 1286 XIV.

918 1388 1016 1446 Romae,
1034 1389 1212 1440 lo‘novcmbria
1226 1393 1293 1440 1770.

269 1498 317 1561 bd
328 1503 504 1579 perpetuam
518 1498 560 1559 rei
576 1499 766 1561 memoriam.
779 1501 919 1564 Omnium
939 1502 1028 1564 saluti
1043 1510 1168 1584 paterna
1185 1504 1311 1566 caritate
1331 1504 1375 1566 in·

227 1596 300 1658 tenti
315 1615 401 1658 sacra
416 1594 566 1657 interdum
578 1596 658 1674 loca,
670 1602 760 1677 ablue
771 1614 808 1658 ea
824 1599 1006 1678 praesertim,
1020 1599 1135 1680 adque
1152 1600 1281 1682 plurima
1296 1601 1374 1663 fide-

230 1697 303 1758 lium
314 1695 475 1757 multitudo
487 1694 652 1757 devotionis
659 1696 899 1776 gratiaoonfluit,
911 1700 1374 1781 spiritualibusindulgentiarum

229 1795 404 1858 muneribus
416 1794 610 1870 decoramus,
628 1801 663 1856 ut
674 1793 743 1857 inde
753 1795 899 1859 Fidelium
912 1796 1124 1861 defunctorum
1138 1800 1243 1863 anima
1255 1801 1372 1863 Domini

226 1892 324 1954 Nostri
336 1894 408 1953 lesu
417 1889 523 1952 Christi
534 1936 542 1966 ,
552 1891 677 1970 ejusque
689 1892 869 1956 Sanctorum
878 1895 1022 1976 consequi
1032 1896 1209 1960 meritorum
1218 1897 1373 1978 suffragia,

222 1994 253 2048 et
270 1989 327 2050 illis
339 1988 447 2067 adjuta
460 2006 478 2048 a
492 1987 658 2066 Purgatorii
678 1990 772 2069 poenis
789 1991 827 2055 ad
844 1999 987 2054 uternam
1001 1994 1130 2056 salutem
1147 2013 1201 2076 per
1219 1995 1273 2057 Dei
1288 1996 1374 2058 mise

223 2087 385 2148 ricordiam
397 2085 521 2167 perduci
533 2087 661 2148 valeant.
678 2088 952 2169 Supplicationibus
965 2089 1083 2170 itaque,
1097 2091 1282 2153 Venerabilis
1297 2095 1374 2155 Fra-

222 2184 276 2246 tris
291 2183 469 2265 sigismundi
484 2182 688 2264 Christopbori
703 2184 918 2267 archiepiscopi
931 2187 1162 2268 Salisburgensis
1176 2187 1269 2250 Nobis
1282 2207 1374 2270 super

223 2283 282 2345 hoo
294 2282 439 2363 porrectis
453 2281 602 2353 inclinati,
615 2282 747 2344 volentes
769 2282 927 2345 ecclesiam
944 2283 972 2345 in
988 2285 1094 2346 Ellend
1106 2285 1210 2362 sitam,
1225 2284 1277 2345 ubi
1296 2286 1374 2347 cele-

221 2373 286 2443 bris
300 2380 499 2443 sanctissima
518 2379 617 2442 Maria
628 2379 757 2460 Virginis
777 2380 890 2460 effigies
907 2387 1086 2459 asservatur,
1104 2388 1135 2444 et
1155 2380 1275 2458 colitur,
1296 2401 1374 2443 con·

121 2485 125 2498 '
224 2466 335 2539 [luente
348 2477 509 2559 quotannis
522 2478 683 2559 plusquam
697 2475 818 2557 triginta
835 2477 928 2539 millia
943 2477 1169 2559 peregrinorum
1181 2477 1373 2541 multitudiue

222 2566 381 2636 abeodem
396 2573 572 2636 Venerabile
593 2575 696 2634 Fratre
709 2592 766 2654 pro
786 2592 842 2635 sua
857 2574 968 2656 pietate
983 2593 1018 2636 ac
1030 2574 1189 2637 devotione
1203 2575 1371 2652 visitatam,

221 2675 251 2730 et
263 2669 388 2732 solemni
400 2670 459 2732 ritu
468 2677 691 2748 consecratam,
705 2689 741 2732 ac
753 2670 919 2751 parochiali
932 2671 1064 2733 ecclesia
1078 2672 1279 2733 Embaobensi
1297 2673 1378 2735 sub-'

221 2766 350 2844 jectam,
369 2775 400 2828 ct
416 2766 448 2828 in
467 2786 504 2830 ea
524 2760 615 2830 situm
635 2769 737 2830 altare
757 2768 879 2848 speciali
901 2768 982 2830 dono
1005 2769 1170 2846 illustrare,
1194 2769 1372 2831 auctoritate

222 2866 316 2927 Nobis
330 2867 486 2929 abomino
497 2865 623 2944 tradita,
637 2885 673 2928 ac
682 2866 720 2927 de
733 2865 947 2946 omnipotentis
960 2866 1012 2927 Dei
1022 2866 1284 2943 misericordia,et
1296 2868 1372 2927 Bea-

221 2969 323 3021 torum
335 2961 415 3023 Petri
425 2969 456 3024 et
466 2962 551 3023 Pauli
563 2961 778 3042 Apostolorum
789 2962 855 3040 ejus
869 2959 1048 3021 auctoritate
1056 2961 1177 3037 confisi,
1190 2968 1223 3022 ut
1232 2959 1372 3041 quaudo-

222 3082 353 3144 cumque
370 3062 510 3125 sacerdos
521 3062 627 3143 aliquis
639 3059 797 3135 secularis,
808 3059 856 3120 vel
868 3059 1086 3138 cujuscumque
1100 3058 1228 3135 ordinis,
1243 3076 1371 3138 congre-

157 3202 161 3208 =
223 3163 353 3243 gationis
381 3168 412 3225 et
430 3161 561 3225 instituti
581 3158 725 3241 regularis
753 3164 979 3220 sacrosanctum
998 3158 1094 3220 Missa
1115 3157 1297 3220 sacrificium
1315 3178 1371 3239 pro

224 3261 326 3324 anima
338 3262 557 3341 cujuscumque
576 3258 684 3321 Christi
696 3256 807 3334 fidelis,
822 3274 888 3336 qua
904 3259 966 3317 Deo
981 3256 1011 3317 in
1024 3257 1148 3318 canmte
1160 3257 1321 3335 conjuncta
1332 3257 1371 3319 ab

224 3358 281 3421 liac
300 3359 366 3420 luce
379 3356 568 3438 migraverit,
587 3355 625 3419 ad
643 3353 850 3435 supradictum
867 3352 970 3414 altare
985 3351 1166 3430 celebrabit,
1185 3352 1287 3414 anima
1305 3351 1371 3434 ipsa

222 3455 261 3517 de
273 3455 416 3517 thesauro
426 3453 564 3517 Ecclesia
572 3471 626 3535 per
637 3450 762 3514 modum
773 3449 908 3532 suffragii
919 3448 1133 3533 indulgentiam
1147 3455 1369 3531 consequatun

222 3553 297 3614 itaut
320 3550 456 3631 ejusdem
480 3550 598 3613 Domini
618 3549 718 3612 Nostri
739 3550 810 3610 Jeau
830 3547 957 3625 Christi,
982 3567 1018 3611 ac
1040 3545 1221 3610 uesnssima
1242 3545 1372 3626 Virginis

221 3647 320 3711 Maria
331 3649 569 3729 Sanctorumque
583 3646 718 3709 omnium
732 3644 847 3708 meritis
857 3645 911 3707 tibi
926 3644 1160 3727 suifragantibus
1172 3662 1191 3705 a
1205 3641 1377 3724 purgatorii-

222 3747 317 3827 poenis
327 3746 481 3824 liberetur,
496 3744 689 3808 concedimus
698 3750 729 3805 et
740 3742 940 3822 indulgemus.
955 3744 988 3805 ln
998 3742 1184 3806 contrarium
1192 3739 1372 3803 iacientibus

225 3858 287 3901 non
307 3841 496 3904 obstantibus
519 3840 758 3922 quibuscumque
774 3839 970 3920 presentibus
989 3837 1141 3921 perpetuis
1159 3836 1268 3901 futuris
1297 3843 1372 3896 tem-

225 3935 349 4018 poribus
360 3937 504 4000 ralituris.
521 3940 634 4000 Dotem
652 3938 771 4007 Romo,
791 3944 862 4008 etc„
878 3939 927 3999 die
949 3948 984 3999 to
998 3937 1165 4001 membris
1182 3946 1273 4008 tato,
1289 3951 1372 4013 poa-

226 4035 356 4109 tificatus
367 4024 463 4096 nostri
473 4054 554 4098 nano
568 4035 707 4098 secondo.
