3194 5354
434 479 437 486 ’
482 482 662 536 EPlSTOLllI
682 481 725 534 el·
744 480 874 532 baillia
893 476 1123 540 salamone.
1320 480 1372 528 285

234 587 398 648 eorundem
421 587 518 659 actio,
543 585 714 664 religionis,
740 582 905 662 sapientia,
922 580 950 640 in
965 581 1027 640 Nos
1046 575 1156 640 amoris
1179 577 1372 658 plenissima,

235 689 396 749 maximam
417 686 473 747 illis
496 684 618 766 quidem
641 682 680 744 ad
703 687 809 743 celcra
829 678 938 739 decora
963 683 1051 756 atque
1077 681 1252 735 ornamenta
1273 674 1373 752 glorie

235 784 435 845 accessionem
452 783 565 844 iaciunt
577 800 612 842 ac
622 782 691 860 jure
705 779 762 841 sibi
775 778 898 859 plausus
917 775 1053 837 omnium
1065 772 1234 845 vindicant,
1245 774 1297 853 qui
1310 773 1374 833 vir·

234 881 306 942 tutis
318 898 353 940 ac
368 879 486 959 pietatis
505 876 757 958 pulchritudinem
775 874 916 936 sentiunt.
938 871 995 932 Sed
1007 889 1073 950 quae
1091 876 1194 930 nostra
1209 887 1280 948 erga
1297 869 1374 948 opli-

234 995 301 1037 mos
323 993 406 1055 reges
423 974 520 1036 studia
534 993 599 1035 esse
616 973 749 1034 debenti
767 990 834 1052 quae
856 969 932 1049 grati
949 967 1040 1029 animi
1061 964 1237 1044 significatio
1258 964 1373 1026 eximioe

235 1090 339 1132 eorum
349 1073 379 1132 in
394 1073 454 1132 Nos
469 1071 612 1132 voluntati
626 1088 757 1151 parasse
770 1072 890 1149 potest?
905 1069 1028 1145 Semper
1039 1064 1104 1125 illos
1112 1062 1234 1142 quidem
1246 1080 1301 1142 pro
1311 1061 1373 1122 suis

236 1170 443 1248 majorumque
458 1186 582 1229 suorum
596 1165 794 1246 singularibus
808 1165 840 1227 in
850 1164 1015 1226 Ecclesiam
1028 1161 1141 1223 meritis
1150 1179 1268 1246 summa
1279 1160 1374 1225 bene-v

234 1267 362 1328 volentia
375 1268 526 1347 prosecuti
545 1285 659 1328 sumus.
676 1266 791 1344 Magnis
804 1272 834 1326 et
848 1265 985 1345 plurimis
1007 1264 1106 1327 causis
1116 1264 1228 1325 inducti
1243 1263 1372 1340 luimus,

234 1382 288 1424 cur
300 1365 329 1424 in
344 1363 409 1425 illos
421 1365 521 1426 omnia
535 1371 668 1444 paternae
684 1362 817 1424 caritatis
829 1362 929 1425 cilicia
941 1363 1157 1425 conferremus.
1176 1364 1323 1444 Dignitute
1337 1385 1373 1427 ac

234 1461 368 1540 potentia
386 1461 461 1522 inter
475 1461 622 1522 maximos
635 1458 773 1522 Ecclesia
784 1459 862 1520 lilios
876 1467 965 1535 sunt,
981 1459 1197 1522 llorentissimae
1214 1462 1373 1522 Ecclesiae-

233 1574 292 1637 que
308 1555 456 1619 fidissime
470 1556 607 1619 nationes
619 1573 725 1618 eorum
739 1554 912 1632 dominatu,
928 1561 1018 1636 atqua
1032 1555 1157 1636 imperio
1169 1555 1370 1618 continentur.

233 1655 265 1714 ln
280 1654 428 1734 religionis
442 1655 598 1716 sanctitate
620 1660 711 1734 atque
725 1652 870 1732 obsequio
884 1653 1011 1733 populos
1025 1653 1088 1714 suis
1099 1653 1154 1734 ipsi
1168 1659 1199 1713 et
1213 1653 1328 1732 legibus
1339 1658 1370 1713 el

232 1751 375 1830 exemplis
383 1751 523 1812 retinent.
534 1750 594 1811 Sed
600 1749 894 1829 becomniapietatis
907 1749 1100 1829 acsapientiae
1109 1751 1247 1831 exempla
1256 1747 1372 1811 inclusa'

232 1863 295 1906 csse
311 1853 401 1927 atque
415 1847 634 1929 comprehensa
652 1845 746 1907 videri
759 1852 885 1926 possunt
902 1845 961 1907 hoc
977 1846 1181 1927 pulcherrimo
1195 1846 1275 1909 lacto
1288 1846 1372 1928 quod

232 1960 321 2019 sanc,
340 1946 392 2020 (ut
402 1944 518 2024 optima
530 1961 655 2023 quaque
672 1942 826 2004 rarissima
839 1949 909 2004 sunt
919 1945 930 2021 )
940 1961 977 2005 eo
988 1943 1139 2004 dillicilius
1150 1961 1186 2004 ac
1200 1943 1372 2024 preclarius

233 2038 396 2100 existimari
403 2039 504 2116 debet,
516 2059 578 2121 quo
589 2040 698 2118 iustius
707 2047 763 2118 est,
777 2047 865 2121 atque
877 2041 916 2103 ab
925 2040 1007 2103 omni
1019 2040 1182 2122 cupiditate
1196 2041 1368 2119 sejunctius.
1408 2072 1410 2076 ⁴

232 2136 296 2196 lloc
310 2136 392 2196 velut
405 2135 566 2216 religionis,
577 2136 682 2217 suique
692 2137 723 2197 in
736 2138 797 2199 Nos
806 2137 917 2204 amoris
929 2137 1027 2217 posito
1037 2142 1244 2213 monumento,
1259 2136 1371 2196 mirum

232 2231 260 2289 in
275 2231 401 2293 modum
418 2232 557 2294 Ecclesiae
574 2233 766 2313 dignitatem,
777 2233 860 2295 Sedis
871 2232 1051 2315 apostolicae
1065 2233 1285 2295 observantiam
1301 2250 1372 2301 orn-¹

230 2327 314 2389 nium
323 2329 559 2392 inNosstudium
568 2337 785 2411 augent,atque
796 2349 856 2393 una
865 2350 951 2393 suam
962 2330 1018 2412 ipsi
1029 2336 1210 2411 potestatem
1219 2329 1370 2407 muniunt,

231 2431 320 2504 atque
332 2425 523 2489 confirmant.
539 2428 640 2506 Neque
654 2427 734 2488 enim
748 2445 840 2508 regna
855 2434 944 2508 atque
952 2427 1077 2509 imperia
1090 2428 1151 2490 ulla
1161 2427 1190 2488 vi
1200 2474 1208 2506 ,
1220 2433 1250 2488 et
1263 2427 1371 2491 timore

230 2527 384 2602 tantopere
393 2522 509 2584 munita
522 2541 557 2584 ac
571 2522 680 2584 vallata
691 2541 756 2584 esse
766 2531 903 2604 possunt,
916 2542 1009 2605 quarn
1020 2524 1045 2586 si
1056 2524 1208 2604 religionis
1216 2524 1369 2600 institutis,

228 2635 294 2696 quae
308 2637 378 2680 vera
391 2627 460 2681 sunt
473 2619 618 2700 regnandi
637 2620 847 2699 fundamenta,
862 2621 887 2683 si
909 2620 1011 2683 divina
1025 2621 1224 2701 auctoritate,
1239 2641 1275 2684 ac
1294 2640 1370 2703 pre
1452 2685 1454 2690 ,

229 2717 341 2796 ceptis,
355 2736 422 2798 quae
441 2718 580 2780 Ecclesiae
592 2737 684 2799 opera
701 2737 737 2780 ac
755 2718 967 2782 ministeriolo
990 2721 1172 2801 populomm
1189 2720 1305 2782 animos
1326 2719 1371 2780 in·

227 2812 323 2874 tluunt
336 2813 498 2876 constituta
512 2834 547 2876 ac
555 2815 697 2876 roborata
710 2815 779 2877 sint.
788 2818 833 2877 lta
842 2816 898 2897 ipsi
908 2834 968 2878 sue
979 2817 1118 2897 potestati
1130 2817 1244 2897 optime
1256 2835 1370 2879 consu-

231 2910 312 2986 lunt,
327 2929 397 2971 cum
415 2911 543 2973 eandem
562 2912 727 2973 arctissime
747 2931 817 2974 cum
831 2912 984 2991 religionis
999 2919 1031 2973 et
1047 2911 1186 2974 Ecclesia
1199 2912 1368 2974 rationibus

230 3005 400 3084 colligatam
406 3023 471 3067 esse
482 3006 595 3066 volunt.
612 3009 688 3068 Tam
698 3006 906 3088 prestantibus
918 3025 1023 3069 eorum
1034 3007 1065 3068 in
1074 3008 1135 3069 Nos
1149 3006 1240 3068 animi
1253 3007 1369 3069 indiciis

230 3100 357 3161 devincti
369 3100 495 3162 mirifice
506 3118 744 3180 commovemur,
764 3103 957 3166 Venerabiles
966 3105 1104 3183 Fratres,
1118 3111 1149 3165 et
1163 3111 1269 3166 mutuo
1278 3112 1369 3187 atquo

228 3197 393 3261 incredibili
412 3199 546 3279 quodam
567 3217 637 3279 erga
659 3199 726 3261 illos
741 3207 873 3281 paterne
886 3200 1020 3263 caritatis
1042 3200 1148 3263 ardore
1167 3201 1365 3263 incendimur.

226 3297 273 3359 Ad
295 3298 358 3359 bac
371 3305 475 3359 nostra
491 3297 589 3360 acrius
602 3298 760 3360 excitanda
781 3298 880 3361 studia
898 3298 1045 3361 accedunt
1066 3298 1237 3380 peregregia
1258 3299 1290 3362 ia
1306 3301 1367 3367 Nos

226 3392 350 3470 merila,
367 3411 553 3456 cumeorum
567 3412 697 3475 quorum
713 3394 744 3456 in
758 3396 897 3459 maximis
916 3397 1000 3477 regni
1015 3397 1153 3478 gerendis
1165 3397 1255 3459 rebus
1264 3399 1368 3480 praeci·

226 3508 286 3569 pua
298 3497 423 3551 utuntur
436 3510 547 3571 opera,
563 3501 630 3554 tum
650 3512 727 3573 quos
737 3494 929 3557 eonsiliomm
943 3514 1067 3558 suorum
1082 3493 1161 3575 apud
1180 3496 1241 3557 Nos
1255 3495 1366 3557 babent

226 3586 427 3652 administros.
453 3590 509 3664 Qui
523 3609 628 3654 omnes
649 3611 755 3672 regum
769 3593 905 3673 ipsorum
918 3594 1063 3657 voluntati
1074 3593 1225 3670 obsecuti,
1240 3611 1366 3655 eorum-.-

224 3705 281 3766 que
295 3689 417 3769 pietatis
427 3692 564 3772 exemplo
576 3691 691 3754 incitati
703 3699 733 3753 et
746 3711 833 3754 suam
845 3692 902 3755 illis
914 3692 1016 3771 fidem,
1028 3690 1225 3768 industriam,
1237 3691 1366 3771 pruden-

224 3784 313 3864 tiam,
328 3794 359 3847 ct
368 3788 459 3849 Nobis
471 3788 652 3868 singularem
665 3788 696 3851 in
708 3790 849 3852 Sanctum
860 3789 938 3852 banc
949 3788 1057 3851 Sedem
1069 3787 1203 3850 animum
1215 3788 1366 3870 probare-

224 3888 304 3942 runt.
319 3886 503 3967 Quapropter
517 3887 574 3949 illis
595 3888 668 3950 item
681 3889 845 3969 plurimum
866 3909 884 3950 a
901 3888 993 3950 Nobis
1008 3887 1125 3965 deberi,
1140 3906 1250 3969 eosque
1276 3908 1365 3968 mag-

225 3995 335 4058 nopere
349 3980 445 4062 diligi,
459 3992 490 4045 et
507 4002 614 4046 eorum
624 3985 715 4048 etiarn
729 4005 821 4050 causa
833 3987 934 4068 augeri
945 4005 1065 4049 summa
1080 3993 1183 4048 nostra
1196 4003 1267 4066 erga
1280 4003 1365 4065 reges

223 4076 304 4155 ipsos
324 4077 422 4142 ollicia
436 4084 621 4162 prolitemur.
642 4087 808 4150 Carissimis
824 4087 925 4168 itaque
936 4085 1004 4149 liliis
1022 4087 1147 4162 nostris,
1165 4084 1221 4146 etsi
1234 4083 1310 4146 datis
1325 4086 1363 4155 ad

222 4195 273 4237 cos
288 4177 406 4255 litteris,
418 4198 493 4259 quas
506 4183 653 4246 maximas
665 4185 833 4265 potuimus,
848 4186 959 4266 gratias
972 4184 1087 4264 egimus
1099 4228 1106 4260 ,
1121 4199 1208 4262 pares
1219 4187 1320 4243 tamur
1329 4189 1363 4244 ut

222 4273 395 4353 referamus,
410 4296 502 4357 quarn
516 4281 605 4343 aliam
619 4282 775 4344 meliorem
787 4282 919 4344 invenire
930 4282 1076 4343 rationem
1086 4295 1258 4358 possumus,
1270 4297 1361 4359 quam

221 4373 245 4431 si
257 4392 312 4452 pro
324 4375 380 4436 illis
394 4383 464 4436 vota
476 4385 597 4454 nostra,
612 4398 740 4459 easque,
751 4398 880 4460 quarum
902 4379 932 4438 in
952 4375 1085 4438 Ecclesia
1097 4373 1227 4436 maxima
1240 4375 1283 4437 vis
1299 4384 1360 4452 est,

221 4468 325 4531 divinae
349 4470 512 4533 clementie
539 4475 754 4537 conciliatrices
786 4482 875 4554 atque
904 4472 1038 4553 auspices
1064 4470 1248 4554 precationes
1278 4471 1361 4534 omni
