3194 5354
312 483 364 533 264
744 473 945 529 CLEllENTlS
962 473 1026 527 xtv

311 590 429 644 mauter
451 580 650 661 impertimur.
679 582 793 642 Datum
814 581 926 649 Romu,
951 578 1034 657 apud
1047 577 1190 639 Soaetaaa
1214 580 1346 639 Mariam
1361 580 1465 656 floja-

311 697 386 748 rem,
405 678 460 738 aab
480 678 602 737 lamio
625 677 801 746 Piscatoria
822 675 872 735 die
890 685 907 733 a
927 675 1015 750 junii
1038 682 1126 750 itta,
1150 676 1346 752 poatipieotrae
1368 681 1466 738 notra

311 790 388 833 cauo
407 777 524 850 quitata

792 878 957 888 -a—

803 975 957 1044 CCXXV.

731 1122 899 1166 DlLBC'l'AE
921 1122 1035 1165 FILIAE

783 1217 965 1281 JOSEPHAE

360 1328 525 1379 sonariam
541 1329 730 1378 nonasramr
746 1326 930 1377 nominrora
946 1259 1192 1375 cirrucmmun
1209 1321 1409 1386 altisonam,

621 1414 855 1497 CLEMENS
882 1418 1011 1498 ΡΑΡΑ
1038 1412 1146 1494 XIV.

1102 1559 1200 1619 llorere,
1212 1561 1229 1607 a
1239 1557 1300 1619 joad
1316 1562 1383 1608 1773.

349 1650 483 1721 Dilecta,
498 1655 554 1709 etc.
573 1646 785 1708 Gratissimum
809 1647 901 1709 Nobis
917 1646 974 1708 fuit
998 1663 1016 1706 a
1035 1643 1122 1707 vobis
1141 1662 1195 1725 per
1207 1644 1349 1706 dilectum
1363 1644 1464 1707 tilium

311 1747 462 1808 abbatem
481 1745 684 1825 Augrrstinnm
703 1753 860 1826 receptum
879 1762 1006 1820 munus,
1022 1749 1155 1805 avestru
1166 1741 1276 1805 scilieet
1295 1740 1409 1822 pietate
1425 1761 1465 1804 ao

311 1845 341 1906 in
355 1863 404 1906 rea
414 1861 515 1905 sacras
529 1842 630 1904 studio
637 1843 826 1924 protectum,
840 1843 953 1924 effigies
966 1859 1075 1922 nempe
1088 1840 1211 1903 insanus
1221 1841 1309 1917 lesu,
1321 1839 1420 1920 qualia
1429 1840 1464 1901 in

311 1942 445 2003 Ecclesia
457 1947 559 2002 vestm
569 1957 691 2003 somma
699 1941 804 2023 populi
817 1940 1000 2022 frequentia,
1015 1957 1052 2001 ao
1061 1956 1101 2001 ex
1115 1937 1199 2001 unni
1214 1924 1375 2001 Germanii
1382 1955 1464 2001 oon·

311 2054 404 2100 cursu
421 2037 541 2100 colitur.
564 2039 640 2098 Earn
654 2039 717 2100 Nos
735 2037 788 2100 illo
801 2057 864 2119 quo
876 2055 934 2118 par
945 2042 991 2098 est
1007 2034 1100 2097 animi
1119 2035 1203 2098 cultu
1212 2034 1381 2116 excipimus
1390 2041 1464 2097 tan-

310 2144 400 2216 taque
414 2154 485 2215 erga
505 2142 553 2213 te,
578 2133 687 2197 dilecta
707 2135 780 2214 filia,
795 2143 923 2216 tuasque
939 2133 1084 2197 moniales
1100 2139 1226 2214 paterna
1241 2132 1462 2214 propensione,

312 2242 345 2294 ut
358 2233 542 2313 gratissimos
560 2234 621 2294 Nos
634 2251 690 2312 pro
703 2234 930 2315 opportunitate
941 2232 1026 2295 vobis
1037 2248 1155 2312 semper
1169 2229 1330 2292 exhibitmi
1351 2231 1461 2306 simus,

309 2349 404 2411 eoque
417 2330 508 2391 etiam
527 2329 638 2408 magis,
652 2329 735 2410 quod
749 2349 784 2392 ex
797 2329 938 2412 precibus
949 2329 1055 2392 vestris
1073 2329 1111 2392 ad
1127 2328 1271 2390 infantem
1289 2329 1394 2390 lesum
1406 2346 1462 2408 pro

311 2428 402 2488 Nobis
414 2426 634 2507 commissaque
646 2446 725 2488 curae
734 2435 843 2490 nostra
855 2429 989 2491 Ecclesia
1002 2427 1076 2490 lusis
1090 2445 1151 2489 non
1163 2425 1328 2488 mediocria
1340 2425 1371 2487 io
1388 2443 1458 2488 ean·

309 2524 380 2585 dem
391 2529 607 2602 promanatura
617 2524 795 2602 commoda,
804 2531 894 2606 atque
906 2525 1051 2588 utilitates
1059 2522 1259 2586 confidamus.
1270 2523 1459 2604 Quapropter

311 2638 364 2680 ros
377 2618 469 2680 etiam
490 2624 580 2698 atque
602 2619 694 2682 etiam
716 2640 773 2702 pro
786 2630 913 2703 paterna
933 2631 1038 2686 nostra
1051 2623 1176 2687 caritate
1191 2621 1362 2698 hortamur,
1378 2626 1411 2682 ut
1430 2619 1462 2682 in

312 2715 574 2798 deprecationibus
589 2716 627 2777 ad
639 2719 734 2780 Deum
747 2719 851 2780 vestris
861 2737 979 2801 semper
992 2738 1140 2785 memores
1156 2720 1251 2781 nostri
1264 2718 1463 2799 Ecclesieque

310 2816 389 2892 sitis3
401 2815 521 2894 Nosque
528 2813 792 2895 invicemplurima
801 2822 831 2876 te
841 2822 967 2897 tuasque
975 2817 1100 2879 caritate
1107 2823 1324 2899 prosequentes
1331 2816 1463 2879 maxime

310 2913 413 2975 faciles
427 2928 462 2973 ac
474 2911 614 2993 propensi
629 2912 741 2974 erimus
754 2912 792 2973 ad
806 2931 857 2974 eas
868 2915 954 2976 vobis
968 2914 1176 2978 concedendas
1189 2913 1461 2996 apostolicaabujus
1543 2932 1548 2939 ·

311 3010 396 3073 Sedis
410 3010 534 3090 gratias,
546 3029 622 3091 quae
637 3018 740 3073 vestra
753 3029 789 3072 aa
807 3011 953 3075 Fidelium
971 3014 1069 3078 iatbuo
1082 3012 1298 3077 confluentirun
1310 3012 1464 3076 devotioni

311 3109 473 3191 pietatique
485 3109 620 3172 fovenda
630 3109 831 3192 augendaque
841 3119 1057 3176 consentaneas
1066 3113 1097 3177 iu
1108 3112 1237 3176 Domino
1243 3112 1462 3192 judicabimus.

311 3207 434 3268 interim
449 3206 480 3267 in
494 3213 625 3287 paterna
636 3213 746 3271 nostru
759 3224 830 3287 erga
851 3225 905 3269 vos
916 3208 1131 3272 benevolentia
1143 3209 1253 3291 pignus
1265 3209 1462 3290 apostolicam

311 3302 549 3365 benedictionem
563 3304 629 3380 tibi,
643 3304 753 3367 dilecta
766 3303 845 3382 lilia,
859 3313 972 3386 tuoque
992 3309 1175 3372 monasterio
1188 3318 1378 3390 perornanter
1399 3306 1462 3368 im-

311 3401 468 3483 pertimur.
480 3403 592 3462 Datum
600 3403 710 3474 Roman,
721 3402 952 3480 apadsaucaam
963 3406 1094 3468 Mariam
1105 3409 1262 3483 Hojorem,
1272 3407 1326 3467 aab
1335 3406 1463 3465 ducato

311 3502 488 3570 Piaeotorie,
504 3501 553 3560 die
564 3502 673 3576 ejunii
689 3510 762 3559 1773
774 3544 781 3575 ‚
792 3500 982 3576 multicolae
992 3508 1090 3564 austri
1101 3522 1181 3565 anuo
1197 3509 1308 3582 puato.

803 3707 971 3776 (mxxvi.

718 3856 910 3899 VENERABIH
933 3856 1043 3900 FRATRI

351 3948 549 4013 crunnum
570 3952 821 4024 wenceslao,
843 3952 1145 4016 aacflmnlseono
1165 3948 1421 4025 mummi,

311 4060 335 4106 s.
358 4057 755 4108 n.r.ru1ucrn1nnacron1
778 4058 938 4109 oronnam
963 4060 1153 4110 iuoosriun
1178 4054 1463 4119 aonmtsrniroan

625 4150 858 4234 CLEMENS
888 4156 1017 4234 PAPA
1044 4154 1150 4234 XIV.

1110 4301 1206 4360 Roma,
1215 4305 1245 4351 aa
1255 4297 1317 4362 jonii
1329 4299 1398 4348 tm.

363 4385 554 4464 Venerabilis,
588 4398 645 4451 etc.
673 4389 807 4450 Eximius
829 4389 1034 4450 Fratemitatis
1049 4396 1108 4450 tna
1128 4390 1227 4466 zelus,
1248 4387 1350 4450 multis
1369 4403 1463 4467 argn-

314 4479 422 4540 mentis
438 4482 616 4562 jampridem
632 4486 863 4566 comprobatus,
882 4503 960 4547 novo
974 4486 1096 4548 emicuit
1108 4488 1225 4568 fulgore
1240 4489 1270 4550 in
1283 4485 1410 4568 supplici
1421 4484 1462 4545 li-
