<?xml version="1.0" encoding="UTF-8"?>
<!DOCTYPE html PUBLIC "-//W3C//DTD XHTML 1.0 Transitional//EN"
    "http://www.w3.org/TR/xhtml1/DTD/xhtml1-transitional.dtd">
<html xmlns="http://www.w3.org/1999/xhtml" xml:lang="en" lang="en">
 <head>
  <title>
</title>
<meta http-equiv="Content-Type" content="text/html;charset=utf-8" />
  <meta name='ocr-system' content='tesseract 3.04.00' />
  <meta name='ocr-capabilities' content='ocr_page ocr_carea ocr_par ocr_line ocrx_word'/>
</head>
<body>
  <div class='ocr_page' id='page_1' title='image "./clementisxivpon01clemgoog_0124.png"; bbox 0 0 3194 5354; ppageno 0'>
   <div class='ocr_carea' id='block_1_1' title="bbox 475 473 1373 542">
    <p class='ocr_par' dir='ltr' id='par_1_1' title="bbox 475 473 1373 542">
     <span class='ocr_line' id='line_1_1' title="bbox 475 473 1373 542; baseline 0.002 -2"><span class='ocrx_word' id='word_1_1' title='bbox 475 487 657 542; x_wconf 74' lang='lat' dir='ltr'>errsrone</span> <span class='ocrx_word' id='word_1_2' title='bbox 675 485 721 540; x_wconf 80' lang='lat' dir='ltr'>er</span> <span class='ocrx_word' id='word_1_3' title='bbox 740 473 875 540; x_wconf 72' lang='lat' dir='ltr'>aurun</span> <span class='ocrx_word' id='word_1_4' title='bbox 895 486 1128 541; x_wconf 71' lang='lat' dir='ltr'>secessione.</span> <span class='ocrx_word' id='word_1_5' title='bbox 1323 493 1373 542; x_wconf 79' lang='lat' dir='ltr'>ros</span> 
     </span>
    </p>
   </div>
   <div class='ocr_carea' id='block_1_2' title="bbox 228 590 1374 972">
    <p class='ocr_par' dir='ltr' id='par_1_2' title="bbox 228 590 1374 972">
     <span class='ocr_line' id='line_1_2' title="bbox 228 590 1374 673; baseline -0.003 -15"><span class='ocrx_word' id='word_1_6' title='bbox 228 596 324 658; x_wconf 92' lang='lat' dir='ltr'>amori</span> <span class='ocrx_word' id='word_1_7' title='bbox 336 593 443 657; x_wconf 81' lang='lat' dir='ltr'>eximie</span> <span class='ocrx_word' id='word_1_8' title='bbox 454 592 627 673; x_wconf 87' lang='lat' dir='ltr'>responderi</span> <span class='ocrx_word' id='word_1_9' title='bbox 638 611 656 653; x_wconf 91' lang='lat' dir='ltr'>a</span> <span class='ocrx_word' id='word_1_10' title='bbox 670 592 761 652; x_wconf 90' lang='lat' dir='ltr'>Nobis</span> <span class='ocrx_word' id='word_1_11' title='bbox 772 592 925 670; x_wconf 80' lang='lat' dir='ltr'>intelligat.</span> <span class='ocrx_word' id='word_1_12' title='bbox 936 591 1022 665; x_wconf 84' lang='lat' dir='ltr'>Quod</span> <span class='ocrx_word' id='word_1_13' title='bbox 1032 590 1106 652; x_wconf 91' lang='lat' dir='ltr'>dum</span> <span class='ocrx_word' id='word_1_14' title='bbox 1118 592 1282 672; x_wconf 77' lang='lat' dir='ltr'>prestabis,</span> <span class='ocrx_word' id='word_1_15' title='bbox 1294 594 1374 654; x_wconf 88' lang='lat' dir='ltr'>Nos-</span> 
     </span>
     <span class='ocr_line' id='line_1_3' title="bbox 231 689 1373 776; baseline -0.004 -19"><span class='ocrx_word' id='word_1_16' title='bbox 231 713 290 776; x_wconf 85' lang='lat' dir='ltr'>que</span> <span class='ocrx_word' id='word_1_17' title='bbox 304 695 364 755; x_wconf 90' lang='lat' dir='ltr'>hac</span> <span class='ocrx_word' id='word_1_18' title='bbox 382 710 503 774; x_wconf 92' lang='lat' dir='ltr'>quoque</span> <span class='ocrx_word' id='word_1_19' title='bbox 517 710 550 753; x_wconf 89' lang='lat' dir='ltr'>re</span> <span class='ocrx_word' id='word_1_20' title='bbox 566 691 652 753; x_wconf 87' lang='lat' dir='ltr'>valde</span> <span class='ocrx_word' id='word_1_21' title='bbox 662 690 828 766; x_wconf 79' lang='lat' dir='ltr'>devincies,</span> <span class='ocrx_word' id='word_1_22' title='bbox 842 689 1033 751; x_wconf 85' lang='lat' dir='ltr'>vehementer</span> <span class='ocrx_word' id='word_1_23' title='bbox 1051 689 1209 769; x_wconf 91' lang='lat' dir='ltr'>cupimus,</span> <span class='ocrx_word' id='word_1_24' title='bbox 1223 697 1255 750; x_wconf 92' lang='lat' dir='ltr'>ut</span> <span class='ocrx_word' id='word_1_25' title='bbox 1266 691 1373 752; x_wconf 88' lang='lat' dir='ltr'>eodem</span> 
     </span>
     <span class='ocr_line' id='line_1_4' title="bbox 230 784 1373 873; baseline -0.005 -20"><span class='ocrx_word' id='word_1_26' title='bbox 230 800 379 873; x_wconf 89' lang='lat' dir='ltr'>tempore,</span> <span class='ocrx_word' id='word_1_27' title='bbox 395 797 426 851; x_wconf 90' lang='lat' dir='ltr'>et</span> <span class='ocrx_word' id='word_1_28' title='bbox 439 789 478 851; x_wconf 92' lang='lat' dir='ltr'>de</span> <span class='ocrx_word' id='word_1_29' title='bbox 489 787 724 849; x_wconf 90' lang='lat' dir='ltr'>luculentissimo</span> <span class='ocrx_word' id='word_1_30' title='bbox 736 787 837 849; x_wconf 90' lang='lat' dir='ltr'>animo</span> <span class='ocrx_word' id='word_1_31' title='bbox 848 786 878 847; x_wconf 90' lang='lat' dir='ltr'>in</span> <span class='ocrx_word' id='word_1_32' title='bbox 893 795 922 847; x_wconf 88' lang='lat' dir='ltr'>te</span> <span class='ocrx_word' id='word_1_33' title='bbox 940 791 1061 861; x_wconf 89' lang='lat' dir='ltr'>nostro,</span> <span class='ocrx_word' id='word_1_34' title='bbox 1077 784 1236 865; x_wconf 89' lang='lat' dir='ltr'>studioque</span> <span class='ocrx_word' id='word_1_35' title='bbox 1251 803 1287 846; x_wconf 90' lang='lat' dir='ltr'>ac</span> <span class='ocrx_word' id='word_1_36' title='bbox 1298 787 1373 847; x_wconf 85' lang='lat' dir='ltr'>cari·</span> 
     </span>
     <span class='ocr_line' id='line_1_5' title="bbox 230 882 1373 972; baseline -0.007 -20"><span class='ocrx_word' id='word_1_37' title='bbox 230 899 293 954; x_wconf 89' lang='lat' dir='ltr'>tate</span> <span class='ocrx_word' id='word_1_38' title='bbox 306 891 397 972; x_wconf 90' lang='lat' dir='ltr'>plane</span> <span class='ocrx_word' id='word_1_39' title='bbox 414 888 554 969; x_wconf 72' lang='lat' dir='ltr'><strong>singulari</strong></span> <span class='ocrx_word' id='word_1_40' title='bbox 575 888 699 967; x_wconf 77' lang='lat' dir='ltr'>cogites.</span> <span class='ocrx_word' id='word_1_41' title='bbox 715 889 760 948; x_wconf 88' lang='lat' dir='ltr'>lta</span> <span class='ocrx_word' id='word_1_42' title='bbox 774 886 854 946; x_wconf 87' lang='lat' dir='ltr'>enim</span> <span class='ocrx_word' id='word_1_43' title='bbox 873 883 926 946; x_wconf 93' lang='lat' dir='ltr'>tibi</span> <span class='ocrx_word' id='word_1_44' title='bbox 946 883 1129 964; x_wconf 80' lang='lat' dir='ltr'>persuaseris</span> <span class='ocrx_word' id='word_1_45' title='bbox 1149 882 1221 943; x_wconf 90' lang='lat' dir='ltr'>nihil</span> <span class='ocrx_word' id='word_1_46' title='bbox 1239 883 1334 962; x_wconf 77' lang='lat' dir='ltr'>magis</span> <span class='ocrx_word' id='word_1_47' title='bbox 1355 903 1373 944; x_wconf 89' lang='lat' dir='ltr'>a</span> 
     </span>
    </p>
   </div>
   <div class='ocr_carea' id='block_1_3' title="bbox 225 982 1372 1554">
    <p class='ocr_par' dir='ltr' id='par_1_3' title="bbox 225 982 1372 1554">
     <span class='ocr_line' id='line_1_6' title="bbox 228 982 1372 1070; baseline -0.007 -18"><span class='ocrx_word' id='word_1_48' title='bbox 228 990 320 1052; x_wconf 90' lang='lat' dir='ltr'>Nobis</span> <span class='ocrx_word' id='word_1_49' title='bbox 331 989 447 1070; x_wconf 83' lang='lat' dir='ltr'>expeti,</span> <span class='ocrx_word' id='word_1_50' title='bbox 466 1007 558 1069; x_wconf 92' lang='lat' dir='ltr'>quam</span> <span class='ocrx_word' id='word_1_51' title='bbox 572 988 650 1049; x_wconf 92' lang='lat' dir='ltr'>hanc</span> <span class='ocrx_word' id='word_1_52' title='bbox 668 987 721 1048; x_wconf 91' lang='lat' dir='ltr'>tibi</span> <span class='ocrx_word' id='word_1_53' title='bbox 736 992 800 1048; x_wconf 91' lang='lat' dir='ltr'>tarn</span> <span class='ocrx_word' id='word_1_54' title='bbox 812 995 930 1066; x_wconf 77' lang='lat' dir='ltr'>gratam</span> <span class='ocrx_word' id='word_1_55' title='bbox 951 984 1137 1044; x_wconf 90' lang='lat' dir='ltr'>voluntatem</span> <span class='ocrx_word' id='word_1_56' title='bbox 1151 982 1249 1062; x_wconf 90' lang='lat' dir='ltr'>reipsa</span> <span class='ocrx_word' id='word_1_57' title='bbox 1267 982 1372 1060; x_wconf 84' lang='lat' dir='ltr'>decla-</span> 
     </span>
     <span class='ocr_line' id='line_1_7' title="bbox 225 1079 1372 1165; baseline -0.004 -20"><span class='ocrx_word' id='word_1_58' title='bbox 225 1085 313 1146; x_wconf 86' lang='lat' dir='ltr'>randi</span> <span class='ocrx_word' id='word_1_59' title='bbox 324 1086 443 1162; x_wconf 91' lang='lat' dir='ltr'>locum;</span> <span class='ocrx_word' id='word_1_60' title='bbox 456 1085 646 1165; x_wconf 89' lang='lat' dir='ltr'>nequeenim</span> <span class='ocrx_word' id='word_1_61' title='bbox 660 1083 825 1163; x_wconf 82' lang='lat' dir='ltr'>quidquam</span> <span class='ocrx_word' id='word_1_62' title='bbox 836 1080 954 1141; x_wconf 89' lang='lat' dir='ltr'>decoris</span> <span class='ocrx_word' id='word_1_63' title='bbox 960 1079 1129 1141; x_wconf 91' lang='lat' dir='ltr'>ornamenti</span> <span class='ocrx_word' id='word_1_64' title='bbox 1142 1086 1229 1154; x_wconf 89' lang='lat' dir='ltr'>esset,</span> <span class='ocrx_word' id='word_1_65' title='bbox 1241 1079 1322 1158; x_wconf 94' lang='lat' dir='ltr'>quod</span> <span class='ocrx_word' id='word_1_66' title='bbox 1335 1080 1372 1140; x_wconf 88' lang='lat' dir='ltr'>ad</span> 
     </span>
     <span class='ocr_line' id='line_1_8' title="bbox 229 1175 1372 1262; baseline -0.003 -22"><span class='ocrx_word' id='word_1_67' title='bbox 229 1189 312 1243; x_wconf 91' lang='lat' dir='ltr'>tuam</span> <span class='ocrx_word' id='word_1_68' title='bbox 331 1181 452 1244; x_wconf 89' lang='lat' dir='ltr'>laudem</span> <span class='ocrx_word' id='word_1_69' title='bbox 472 1200 526 1262; x_wconf 93' lang='lat' dir='ltr'>per</span> <span class='ocrx_word' id='word_1_70' title='bbox 544 1183 605 1243; x_wconf 88' lang='lat' dir='ltr'>Nos</span> <span class='ocrx_word' id='word_1_71' title='bbox 620 1199 681 1242; x_wconf 93' lang='lat' dir='ltr'>non</span> <span class='ocrx_word' id='word_1_72' title='bbox 695 1178 933 1242; x_wconf 71' lang='lat' dir='ltr'>cumulatissime</span> <span class='ocrx_word' id='word_1_73' title='bbox 951 1175 1118 1238; x_wconf 84' lang='lat' dir='ltr'>accederet.</span> <span class='ocrx_word' id='word_1_74' title='bbox 1133 1177 1178 1236; x_wconf 80' lang='lat' dir='ltr'>Ac</span> <span class='ocrx_word' id='word_1_75' title='bbox 1195 1175 1298 1237; x_wconf 91' lang='lat' dir='ltr'>omnia</span> <span class='ocrx_word' id='word_1_76' title='bbox 1319 1175 1372 1236; x_wconf 88' lang='lat' dir='ltr'>tibi</span> 
     </span>
     <span class='ocr_line' id='line_1_9' title="bbox 225 1274 1372 1360; baseline -0.003 -23"><span class='ocrx_word' id='word_1_77' title='bbox 225 1277 404 1360; x_wconf 70' lang='lat' dir='ltr'>familiaque</span> <span class='ocrx_word' id='word_1_78' title='bbox 416 1288 474 1340; x_wconf 83' lang='lat' dir='ltr'>tuoe</span> <span class='ocrx_word' id='word_1_79' title='bbox 487 1278 586 1341; x_wconf 81' lang='lat' dir='ltr'>fausta</span> <span class='ocrx_word' id='word_1_80' title='bbox 594 1297 712 1360; x_wconf 81' lang='lat' dir='ltr'>semper</span> <span class='ocrx_word' id='word_1_81' title='bbox 727 1297 763 1340; x_wconf 91' lang='lat' dir='ltr'>ac</span> <span class='ocrx_word' id='word_1_82' title='bbox 773 1276 870 1338; x_wconf 82' lang='lat' dir='ltr'>felicia</span> <span class='ocrx_word' id='word_1_83' title='bbox 883 1275 964 1337; x_wconf 84' lang='lat' dir='ltr'>allel</span> <span class='ocrx_word' id='word_1_84' title='bbox 982 1274 1164 1360; x_wconf 72' lang='lat' dir='ltr'>benignitate</span> <span class='ocrx_word' id='word_1_85' title='bbox 1176 1274 1372 1354; x_wconf 81' lang='lat' dir='ltr'>deprecantes</span> 
     </span>
     <span class='ocr_line' id='line_1_10' title="bbox 230 1371 1365 1457; baseline -0.004 -21"><span class='ocrx_word' id='word_1_86' title='bbox 230 1376 427 1457; x_wconf 89' lang='lat' dir='ltr'>apostolicam</span> <span class='ocrx_word' id='word_1_87' title='bbox 446 1375 686 1438; x_wconf 80' lang='lat' dir='ltr'>benedictionem</span> <span class='ocrx_word' id='word_1_88' title='bbox 704 1373 857 1436; x_wconf 91' lang='lat' dir='ltr'>Nobilitati</span> <span class='ocrx_word' id='word_1_89' title='bbox 875 1379 934 1434; x_wconf 77' lang='lat' dir='ltr'>tue</span> <span class='ocrx_word' id='word_1_90' title='bbox 953 1377 1146 1452; x_wconf 81' lang='lat' dir='ltr'>peramanter</span> <span class='ocrx_word' id='word_1_91' title='bbox 1166 1371 1365 1452; x_wconf 85' lang='lat' dir='ltr'>impertimur.</span> 
     </span>
     <span class='ocr_line' id='line_1_11' title="bbox 227 1471 1370 1554; baseline -0.004 -18"><span class='ocrx_word' id='word_1_92' title='bbox 227 1473 340 1536; x_wconf 69' lang='lat' dir='ltr'>Mum</span> <span class='ocrx_word' id='word_1_93' title='bbox 354 1477 471 1547; x_wconf 71' lang='lat' dir='ltr'>Rornae,</span> <span class='ocrx_word' id='word_1_94' title='bbox 483 1485 520 1536; x_wconf 75' lang='lat' dir='ltr'>tc</span> <span class='ocrx_word' id='word_1_95' title='bbox 536 1476 713 1554; x_wconf 75' lang='lat' dir='ltr'>septembris</span> <span class='ocrx_word' id='word_1_96' title='bbox 727 1484 814 1548; x_wconf 77' lang='lat'>1770,</span> <span class='ocrx_word' id='word_1_97' title='bbox 824 1474 1015 1551; x_wconf 68' lang='lat' dir='ltr'>pontificatur</span> <span class='ocrx_word' id='word_1_98' title='bbox 1030 1475 1126 1530; x_wconf 81' lang='lat' dir='ltr'>nostri</span> <span class='ocrx_word' id='word_1_99' title='bbox 1139 1488 1218 1531; x_wconf 80' lang='lat' dir='ltr'>caco</span> <span class='ocrx_word' id='word_1_100' title='bbox 1230 1471 1370 1531; x_wconf 81' lang='lat' dir='ltr'>secundo.</span> 
     </span>
    </p>
   </div>
   <div class='ocr_carea' id='block_1_4' title="bbox 560 1715 1277 1922">
    <p class='ocr_par' dir='ltr' id='par_1_4' title="bbox 560 1715 1277 1922">
     <span class='ocr_line' id='line_1_12' title="bbox 772 1715 1277 1786; baseline 0.002 0"><span class='ocrx_word' id='word_1_101' title='bbox 772 1715 810 1786; x_wconf 88' lang='lat' dir='ltr'>Cl</span> <span class='ocrx_word' id='word_1_102' title='bbox 1267 1715 1277 1747; x_wconf 81' lang='lat'>⁸</span> 
     </span>
     <span class='ocr_line' id='line_1_13' title="bbox 560 1878 1035 1922; baseline 0.006 -4"><span class='ocrx_word' id='word_1_103' title='bbox 560 1878 762 1921; x_wconf 78' lang='lat' dir='ltr'>srucrrssurr</span> <span class='ocrx_word' id='word_1_104' title='bbox 786 1879 902 1922; x_wconf 79' lang='lat' dir='ltr'>uourm</span> <span class='ocrx_word' id='word_1_105' title='bbox 924 1879 1035 1922; x_wconf 83' lang='lat' dir='ltr'>nosrnr</span> 
     </span>
    </p>
   </div>
   <div class='ocr_carea' id='block_1_5' title="bbox 317 1984 1285 2230">
    <p class='ocr_par' dir='ltr' id='par_1_5' title="bbox 317 1984 1285 2230">
     <span class='ocr_line' id='line_1_14' title="bbox 317 1984 1285 2059; baseline 0.003 -3"><span class='ocrx_word' id='word_1_106' title='bbox 317 1984 551 2056; x_wconf 82' lang='lat' dir='ltr'>CLEMENTlS</span> <span class='ocrx_word' id='word_1_107' title='bbox 576 1985 724 2055; x_wconf 83' lang='lat' dir='ltr'>DlVlNA</span> <span class='ocrx_word' id='word_1_108' title='bbox 751 1985 1035 2059; x_wconf 80' lang='lat' dir='ltr'>PROVlDENTlA</span> <span class='ocrx_word' id='word_1_109' title='bbox 1060 1985 1183 2057; x_wconf 80' lang='lat' dir='ltr'>PAPAE</span> <span class='ocrx_word' id='word_1_110' title='bbox 1210 1990 1285 2059; x_wconf 84' lang='lat' dir='ltr'>xtv</span> 
     </span>
     <span class='ocr_line' id='line_1_15' title="bbox 634 2136 952 2230; baseline 0.006 -18"><span class='ocrx_word' id='word_1_111' title='bbox 634 2136 952 2230; x_wconf 70' lang='lat' dir='ltr'>ALerCUTlQ</span> 
     </span>
    </p>
   </div>
   <div class='ocr_carea' id='block_1_6' title="bbox 255 2293 1338 2347">
    <p class='ocr_par' dir='ltr' id='par_1_6' title="bbox 255 2293 1338 2347">
     <span class='ocr_line' id='line_1_16' title="bbox 255 2293 1338 2347; baseline 0.003 -5"><span class='ocrx_word' id='word_1_112' title='bbox 255 2294 369 2343; x_wconf 78' lang='lat' dir='ltr'>HABITA</span> <span class='ocrx_word' id='word_1_113' title='bbox 386 2293 418 2342; x_wconf 81' lang='lat' dir='ltr'>nt</span> <span class='ocrx_word' id='word_1_114' title='bbox 435 2293 639 2343; x_wconf 62' lang='lat' dir='ltr'>consaronto</span> <span class='ocrx_word' id='word_1_115' title='bbox 654 2295 793 2344; x_wconf 81' lang='lat' dir='ltr'>SECRETO</span> <span class='ocrx_word' id='word_1_116' title='bbox 809 2298 863 2345; x_wconf 84' lang='lat' dir='ltr'>DIE</span> <span class='ocrx_word' id='word_1_117' title='bbox 878 2298 958 2345; x_wconf 82' lang='lat' dir='ltr'>xxtv</span> <span class='ocrx_word' id='word_1_118' title='bbox 974 2298 1165 2346; x_wconf 73' lang='lat' dir='ltr'>samuelus</span> <span class='ocrx_word' id='word_1_119' title='bbox 1180 2297 1338 2347; x_wconf 69' lang='lat' dir='ltr'>mccclxx.</span> 
     </span>
    </p>
   </div>
   <div class='ocr_carea' id='block_1_7' title="bbox 219 2433 1381 3872">
    <p class='ocr_par' dir='ltr' id='par_1_7' title="bbox 220 2433 1381 3277">
     <span class='ocr_line' id='line_1_17' title="bbox 268 2433 1371 2516; baseline 0.005 -25"><span class='ocrx_word' id='word_1_120' title='bbox 268 2433 458 2493; x_wconf 81' lang='lat' dir='ltr'>Venerabttes</span> <span class='ocrx_word' id='word_1_121' title='bbox 470 2435 679 2496; x_wconf 81' lang='lat' dir='ltr'>Fratres.N0n</span> <span class='ocrx_word' id='word_1_122' title='bbox 688 2435 752 2496; x_wconf 93' lang='lat' dir='ltr'>sine</span> <span class='ocrx_word' id='word_1_123' title='bbox 762 2435 862 2497; x_wconf 86' lang='lat' dir='ltr'>divino</span> <span class='ocrx_word' id='word_1_124' title='bbox 868 2437 991 2498; x_wconf 90' lang='lat' dir='ltr'>oonsilio</span> <span class='ocrx_word' id='word_1_125' title='bbox 1000 2436 1133 2498; x_wconf 88' lang='lat' dir='ltr'>evenisse</span> <span class='ocrx_word' id='word_1_126' title='bbox 1144 2442 1298 2516; x_wconf 90' lang='lat' dir='ltr'>putamus,</span> <span class='ocrx_word' id='word_1_127' title='bbox 1309 2439 1371 2498; x_wconf 86' lang='lat' dir='ltr'>Ve-</span> 
     </span>
     <span class='ocr_line' id='line_1_18' title="bbox 226 2529 1370 2613; baseline 0.005 -23"><span class='ocrx_word' id='word_1_128' title='bbox 226 2529 374 2591; x_wconf 85' lang='lat' dir='ltr'>nerabiles</span> <span class='ocrx_word' id='word_1_129' title='bbox 383 2532 518 2607; x_wconf 85' lang='lat' dir='ltr'>Fratres,</span> <span class='ocrx_word' id='word_1_130' title='bbox 531 2538 641 2611; x_wconf 77' lang='lat' dir='ltr'>utque</span> <span class='ocrx_word' id='word_1_131' title='bbox 651 2533 736 2594; x_wconf 89' lang='lat' dir='ltr'>vobis</span> <span class='ocrx_word' id='word_1_132' title='bbox 751 2533 918 2612; x_wconf 85' lang='lat' dir='ltr'>significare</span> <span class='ocrx_word' id='word_1_133' title='bbox 932 2534 980 2596; x_wconf 90' lang='lat' dir='ltr'>die</span> <span class='ocrx_word' id='word_1_134' title='bbox 992 2534 1135 2613; x_wconf 76' lang='lat' dir='ltr'>vigesima</span> <span class='ocrx_word' id='word_1_135' title='bbox 1155 2533 1245 2612; x_wconf 88' lang='lat' dir='ltr'>hujus</span> <span class='ocrx_word' id='word_1_136' title='bbox 1259 2536 1370 2596; x_wconf 85' lang='lat' dir='ltr'>mensis</span> 
     </span>
     <span class='ocr_line' id='line_1_19' title="bbox 220 2625 1381 2704; baseline 0.007 -18"><span class='ocrx_word' id='word_1_137' title='bbox 220 2625 902 2704; x_wconf 81' lang='lat' dir='ltr'>decreveramus,adhodiemamdicmditierre</span> <span class='ocrx_word' id='word_1_138' title='bbox 913 2631 1115 2693; x_wconf 90' lang='lat' dir='ltr'>debuerimus.</span> <span class='ocrx_word' id='word_1_139' title='bbox 1125 2631 1283 2692; x_wconf 80' lang='lat' dir='ltr'>Herenim</span> <span class='ocrx_word' id='word_1_140' title='bbox 1294 2632 1381 2704; x_wconf 72' lang='lat' dir='ltr'>dies„</span> 
     </span>
     <span class='ocr_line' id='line_1_20' title="bbox 226 2723 1370 2804; baseline 0.004 -20"><span class='ocrx_word' id='word_1_141' title='bbox 226 2723 276 2784; x_wconf 91' lang='lat' dir='ltr'>illa</span> <span class='ocrx_word' id='word_1_142' title='bbox 287 2730 344 2800; x_wconf 88' lang='lat' dir='ltr'>est,</span> <span class='ocrx_word' id='word_1_143' title='bbox 356 2742 417 2804; x_wconf 91' lang='lat' dir='ltr'>qua</span> <span class='ocrx_word' id='word_1_144' title='bbox 434 2743 488 2785; x_wconf 85' lang='lat' dir='ltr'>sex</span> <span class='ocrx_word' id='word_1_145' title='bbox 501 2725 540 2785; x_wconf 88' lang='lat' dir='ltr'>ab</span> <span class='ocrx_word' id='word_1_146' title='bbox 558 2725 628 2786; x_wconf 90' lang='lat' dir='ltr'>hinc</span> <span class='ocrx_word' id='word_1_147' title='bbox 639 2726 739 2788; x_wconf 89' lang='lat' dir='ltr'>lustris</span> <span class='ocrx_word' id='word_1_148' title='bbox 753 2735 854 2789; x_wconf 88' lang='lat' dir='ltr'>noster</span> <span class='ocrx_word' id='word_1_149' title='bbox 874 2728 904 2788; x_wconf 96' lang='lat' dir='ltr'>in</span> <span class='ocrx_word' id='word_1_150' title='bbox 918 2728 1025 2788; x_wconf 93' lang='lat' dir='ltr'>urbem</span> <span class='ocrx_word' id='word_1_151' title='bbox 1036 2727 1183 2789; x_wconf 87' lang='lat' dir='ltr'>adventus</span> <span class='ocrx_word' id='word_1_152' title='bbox 1196 2735 1370 2790; x_wconf 90' lang='lat' dir='ltr'>nostrorum</span> 
     </span>
     <span class='ocr_line' id='line_1_21' title="bbox 221 2823 1371 2904; baseline 0.002 -22"><span class='ocrx_word' id='word_1_153' title='bbox 221 2839 294 2882; x_wconf 87' lang='lat' dir='ltr'>cum</span> <span class='ocrx_word' id='word_1_154' title='bbox 303 2823 491 2902; x_wconf 81' lang='lat' dir='ltr'>superiorum</span> <span class='ocrx_word' id='word_1_155' title='bbox 503 2824 656 2885; x_wconf 88' lang='lat' dir='ltr'>voluntate</span> <span class='ocrx_word' id='word_1_156' title='bbox 667 2825 805 2887; x_wconf 90' lang='lat' dir='ltr'>decretus</span> <span class='ocrx_word' id='word_1_157' title='bbox 814 2825 884 2901; x_wconf 85' lang='lat' dir='ltr'>suit,</span> <span class='ocrx_word' id='word_1_158' title='bbox 896 2825 1133 2904; x_wconf 82' lang='lat' dir='ltr'>auctoritateque</span> <span class='ocrx_word' id='word_1_159' title='bbox 1148 2843 1183 2884; x_wconf 90' lang='lat' dir='ltr'>ac</span> <span class='ocrx_word' id='word_1_160' title='bbox 1195 2825 1282 2901; x_wconf 87' lang='lat' dir='ltr'>jussu</span> <span class='ocrx_word' id='word_1_161' title='bbox 1294 2842 1371 2884; x_wconf 92' lang='lat' dir='ltr'>con-</span> 
     </span>
     <span class='ocr_line' id='line_1_22' title="bbox 223 2917 1367 3000; baseline 0 -23"><span class='ocrx_word' id='word_1_162' title='bbox 223 2917 374 2978; x_wconf 77' lang='lat' dir='ltr'>firmatus.</span> <span class='ocrx_word' id='word_1_163' title='bbox 388 2919 532 2998; x_wconf 83' lang='lat' dir='ltr'>Haecipsa</span> <span class='ocrx_word' id='word_1_164' title='bbox 540 2927 586 2979; x_wconf 88' lang='lat' dir='ltr'>est</span> <span class='ocrx_word' id='word_1_165' title='bbox 598 2919 672 2993; x_wconf 88' lang='lat' dir='ltr'>dies,</span> <span class='ocrx_word' id='word_1_166' title='bbox 684 2939 745 2999; x_wconf 94' lang='lat' dir='ltr'>qua</span> <span class='ocrx_word' id='word_1_167' title='bbox 758 2920 828 2981; x_wconf 91' lang='lat' dir='ltr'>licct</span> <span class='ocrx_word' id='word_1_168' title='bbox 841 2920 981 2981; x_wconf 90' lang='lat' dir='ltr'>immeriti</span> <span class='ocrx_word' id='word_1_169' title='bbox 989 2938 1132 3000; x_wconf 90' lang='lat' dir='ltr'>prorsus,</span> <span class='ocrx_word' id='word_1_170' title='bbox 1146 2937 1183 2980; x_wconf 85' lang='lat' dir='ltr'>ac</span> <span class='ocrx_word' id='word_1_171' title='bbox 1195 2925 1367 2991; x_wconf 87' lang='lat' dir='ltr'>renuentes,</span> 
     </span>
     <span class='ocr_line' id='line_1_23' title="bbox 222 3012 1369 3092; baseline 0 -20"><span class='ocrx_word' id='word_1_172' title='bbox 222 3013 295 3072; x_wconf 91' lang='lat' dir='ltr'>huic</span> <span class='ocrx_word' id='word_1_173' title='bbox 318 3020 417 3073; x_wconf 89' lang='lat' dir='ltr'>vestro</span> <span class='ocrx_word' id='word_1_174' title='bbox 431 3031 522 3074; x_wconf 79' lang='lat' dir='ltr'>sacra</span> <span class='ocrx_word' id='word_1_175' title='bbox 543 3016 685 3076; x_wconf 76' lang='lat' dir='ltr'>Romane</span> <span class='ocrx_word' id='word_1_176' title='bbox 702 3016 841 3076; x_wconf 77' lang='lat' dir='ltr'>Ecclesiae</span> <span class='ocrx_word' id='word_1_177' title='bbox 863 3015 1061 3075; x_wconf 86' lang='lat' dir='ltr'>cardinalium</span> <span class='ocrx_word' id='word_1_178' title='bbox 1082 3014 1208 3091; x_wconf 81' lang='lat' dir='ltr'>collegio</span> <span class='ocrx_word' id='word_1_179' title='bbox 1223 3012 1369 3092; x_wconf 88' lang='lat' dir='ltr'>adscripti</span> 
     </span>
     <span class='ocr_line' id='line_1_24' title="bbox 223 3108 1370 3188; baseline 0.001 -21"><span class='ocrx_word' id='word_1_180' title='bbox 223 3108 348 3169; x_wconf 85' lang='lat' dir='ltr'>suimus.</span> <span class='ocrx_word' id='word_1_181' title='bbox 364 3108 434 3167; x_wconf 86' lang='lat' dir='ltr'>llaec</span> <span class='ocrx_word' id='word_1_182' title='bbox 450 3114 603 3187; x_wconf 88' lang='lat' dir='ltr'>postremo</span> <span class='ocrx_word' id='word_1_183' title='bbox 621 3109 684 3169; x_wconf 86' lang='lat' dir='ltr'>dies</span> <span class='ocrx_word' id='word_1_184' title='bbox 700 3111 749 3171; x_wconf 91' lang='lat' dir='ltr'>illa</span> <span class='ocrx_word' id='word_1_185' title='bbox 763 3129 844 3170; x_wconf 91' lang='lat' dir='ltr'>nunc</span> <span class='ocrx_word' id='word_1_186' title='bbox 865 3117 928 3185; x_wconf 92' lang='lat' dir='ltr'>est,</span> <span class='ocrx_word' id='word_1_187' title='bbox 941 3127 1032 3188; x_wconf 89' lang='lat' dir='ltr'>quam</span> <span class='ocrx_word' id='word_1_188' title='bbox 1052 3109 1140 3187; x_wconf 77' lang='lat' dir='ltr'>elegit</span> <span class='ocrx_word' id='word_1_189' title='bbox 1155 3108 1316 3185; x_wconf 86' lang='lat' dir='ltr'>Dominus,</span> <span class='ocrx_word' id='word_1_190' title='bbox 1338 3117 1370 3168; x_wconf 92' lang='lat' dir='ltr'>ut</span> 
     </span>
     <span class='ocr_line' id='line_1_25' title="bbox 220 3202 757 3277; baseline 0.002 -15"><span class='ocrx_word' id='word_1_191' title='bbox 220 3202 411 3277; x_wconf 83' lang='lat' dir='ltr'>exultemus,</span> <span class='ocrx_word' id='word_1_192' title='bbox 424 3209 455 3263; x_wconf 90' lang='lat' dir='ltr'>et</span> <span class='ocrx_word' id='word_1_193' title='bbox 470 3202 654 3264; x_wconf 87' lang='lat' dir='ltr'>delectemur</span> <span class='ocrx_word' id='word_1_194' title='bbox 665 3204 695 3264; x_wconf 92' lang='lat' dir='ltr'>in</span> <span class='ocrx_word' id='word_1_195' title='bbox 710 3223 757 3265; x_wconf 91' lang='lat' dir='ltr'>ea.</span> 
     </span>
    </p>

    <p class='ocr_par' dir='ltr' id='par_1_8' title="bbox 219 3301 1370 3872">
     <span class='ocr_line' id='line_1_26' title="bbox 263 3301 1369 3379; baseline -0.001 -18"><span class='ocrx_word' id='word_1_196' title='bbox 263 3301 350 3376; x_wconf 83' lang='lat' dir='ltr'>Quod</span> <span class='ocrx_word' id='word_1_197' title='bbox 369 3301 451 3362; x_wconf 91' lang='lat' dir='ltr'>enim</span> <span class='ocrx_word' id='word_1_198' title='bbox 468 3301 633 3364; x_wconf 90' lang='lat' dir='ltr'>certissime</span> <span class='ocrx_word' id='word_1_199' title='bbox 646 3302 889 3379; x_wconf 83' lang='lat' dir='ltr'>confidebamus,</span> <span class='ocrx_word' id='word_1_200' title='bbox 912 3302 1104 3363; x_wconf 87' lang='lat' dir='ltr'>Venerabiles</span> <span class='ocrx_word' id='word_1_201' title='bbox 1121 3303 1258 3376; x_wconf 86' lang='lat' dir='ltr'>Fratres,</span> <span class='ocrx_word' id='word_1_202' title='bbox 1271 3301 1369 3361; x_wconf 89' lang='lat' dir='ltr'>vobis-</span> 
     </span>
     <span class='ocr_line' id='line_1_27' title="bbox 219 3399 1369 3486; baseline -0.003 -24"><span class='ocrx_word' id='word_1_203' title='bbox 219 3418 281 3481; x_wconf 90' lang='lat' dir='ltr'>que</span> <span class='ocrx_word' id='word_1_204' title='bbox 295 3417 521 3480; x_wconf 88' lang='lat' dir='ltr'>receperamus,</span> <span class='ocrx_word' id='word_1_205' title='bbox 536 3400 638 3463; x_wconf 83' lang='lat' dir='ltr'>futura</span> <span class='ocrx_word' id='word_1_206' title='bbox 656 3403 856 3464; x_wconf 84' lang='lat' dir='ltr'>cumulatiora</span> <span class='ocrx_word' id='word_1_207' title='bbox 869 3403 900 3463; x_wconf 92' lang='lat' dir='ltr'>in</span> <span class='ocrx_word' id='word_1_208' title='bbox 918 3402 982 3464; x_wconf 91' lang='lat' dir='ltr'>dies</span> <span class='ocrx_word' id='word_1_209' title='bbox 994 3401 1137 3486; x_wconf 79' lang='lat' dir='ltr'>preclara</span> <span class='ocrx_word' id='word_1_210' title='bbox 1152 3399 1201 3461; x_wconf 91' lang='lat' dir='ltr'>illa</span> <span class='ocrx_word' id='word_1_211' title='bbox 1217 3399 1369 3461; x_wconf 79' lang='lat' dir='ltr'>carissimi</span> 
     </span>
     <span class='ocr_line' id='line_1_28' title="bbox 223 3495 1370 3580; baseline -0.001 -23"><span class='ocrx_word' id='word_1_212' title='bbox 223 3497 254 3558; x_wconf 93' lang='lat' dir='ltr'>in</span> <span class='ocrx_word' id='word_1_213' title='bbox 268 3497 385 3559; x_wconf 87' lang='lat' dir='ltr'>Christo</span> <span class='ocrx_word' id='word_1_214' title='bbox 398 3496 451 3558; x_wconf 85' lang='lat' dir='ltr'>filii</span> <span class='ocrx_word' id='word_1_215' title='bbox 464 3497 557 3559; x_wconf 90' lang='lat' dir='ltr'>nostri</span> <span class='ocrx_word' id='word_1_216' title='bbox 566 3498 688 3578; x_wconf 87' lang='lat' dir='ltr'>Joseplri</span> <span class='ocrx_word' id='word_1_217' title='bbox 700 3500 888 3580; x_wconf 79' lang='lat' dir='ltr'>Portugallia</span> <span class='ocrx_word' id='word_1_218' title='bbox 898 3506 929 3561; x_wconf 91' lang='lat' dir='ltr'>et</span> <span class='ocrx_word' id='word_1_219' title='bbox 942 3497 1154 3578; x_wconf 74' lang='lat' dir='ltr'>Algarbiorum</span> <span class='ocrx_word' id='word_1_220' title='bbox 1165 3495 1243 3577; x_wconf 78' lang='lat' dir='ltr'>regis</span> <span class='ocrx_word' id='word_1_221' title='bbox 1255 3496 1370 3557; x_wconf 86' lang='lat' dir='ltr'>tidelis-</span> 
     </span>
     <span class='ocr_line' id='line_1_29' title="bbox 222 3594 1367 3679; baseline 0 -25"><span class='ocrx_word' id='word_1_222' title='bbox 222 3594 289 3655; x_wconf 89' lang='lat' dir='ltr'>simi</span> <span class='ocrx_word' id='word_1_223' title='bbox 301 3594 331 3655; x_wconf 86' lang='lat' dir='ltr'>in</span> <span class='ocrx_word' id='word_1_224' title='bbox 345 3595 406 3656; x_wconf 90' lang='lat' dir='ltr'>Nos</span> <span class='ocrx_word' id='word_1_225' title='bbox 417 3595 529 3671; x_wconf 89' lang='lat' dir='ltr'>studia,</span> <span class='ocrx_word' id='word_1_226' title='bbox 543 3601 671 3676; x_wconf 87' lang='lat' dir='ltr'>ejusque</span> <span class='ocrx_word' id='word_1_227' title='bbox 684 3598 770 3660; x_wconf 90' lang='lat' dir='ltr'>novis</span> <span class='ocrx_word' id='word_1_228' title='bbox 781 3606 871 3679; x_wconf 88' lang='lat' dir='ltr'>atque</span> <span class='ocrx_word' id='word_1_229' title='bbox 886 3597 1097 3661; x_wconf 90' lang='lat' dir='ltr'>illustrioribus</span> <span class='ocrx_word' id='word_1_230' title='bbox 1105 3595 1226 3677; x_wconf 90' lang='lat' dir='ltr'>pietatis</span> <span class='ocrx_word' id='word_1_231' title='bbox 1237 3594 1367 3672; x_wconf 87' lang='lat' dir='ltr'>indiciis,</span> 
     </span>
     <span class='ocr_line' id='line_1_30' title="bbox 224 3687 1369 3775; baseline 0.004 -27"><span class='ocrx_word' id='word_1_232' title='bbox 224 3705 259 3749; x_wconf 93' lang='lat' dir='ltr'>ac</span> <span class='ocrx_word' id='word_1_233' title='bbox 273 3687 302 3749; x_wconf 94' lang='lat' dir='ltr'>in</span> <span class='ocrx_word' id='word_1_234' title='bbox 315 3689 478 3753; x_wconf 81' lang='lat' dir='ltr'>Ecelesiam</span> <span class='ocrx_word' id='word_1_235' title='bbox 490 3691 604 3753; x_wconf 89' lang='lat' dir='ltr'>meritis</span> <span class='ocrx_word' id='word_1_236' title='bbox 615 3693 676 3754; x_wconf 90' lang='lat' dir='ltr'>Nos</span> <span class='ocrx_word' id='word_1_237' title='bbox 692 3711 753 3755; x_wconf 87' lang='lat' dir='ltr'>una</span> <span class='ocrx_word' id='word_1_238' title='bbox 762 3695 917 3757; x_wconf 89' lang='lat' dir='ltr'>vobiscum</span> <span class='ocrx_word' id='word_1_239' title='bbox 926 3699 1071 3775; x_wconf 90' lang='lat' dir='ltr'>perpetuo</span> <span class='ocrx_word' id='word_1_240' title='bbox 1086 3693 1237 3753; x_wconf 77' lang='lat' dir='ltr'>letaturos</span> <span class='ocrx_word' id='word_1_241' title='bbox 1245 3735 1253 3766; x_wconf 91' lang='lat'>,</span> <span class='ocrx_word' id='word_1_242' title='bbox 1268 3690 1369 3770; x_wconf 87' lang='lat' dir='ltr'>reipsa</span> 
     </span>
     <span class='ocr_line' id='line_1_31' title="bbox 223 3782 1368 3872; baseline 0.005 -28"><span class='ocrx_word' id='word_1_243' title='bbox 223 3782 279 3846; x_wconf 88' lang='lat' dir='ltr'>luit</span> <span class='ocrx_word' id='word_1_244' title='bbox 305 3785 337 3847; x_wconf 94' lang='lat' dir='ltr'>id</span> <span class='ocrx_word' id='word_1_245' title='bbox 354 3787 420 3865; x_wconf 86' lang='lat' dir='ltr'>jam</span> <span class='ocrx_word' id='word_1_246' title='bbox 442 3789 628 3869; x_wconf 89' lang='lat' dir='ltr'>apertissime</span> <span class='ocrx_word' id='word_1_247' title='bbox 651 3789 944 3872; x_wconf 88' lang='lat' dir='ltr'>luculentissimeque</span> <span class='ocrx_word' id='word_1_248' title='bbox 971 3790 1214 3868; x_wconf 89' lang='lat' dir='ltr'>comprobatum.</span> <span class='ocrx_word' id='word_1_249' title='bbox 1243 3786 1368 3867; x_wconf 83' lang='lat' dir='ltr'>Amplas</span> 
     </span>
    </p>
   </div>
   <div class='ocr_carea' id='block_1_8' title="bbox 224 3882 1460 3970">
    <p class='ocr_par' dir='ltr' id='par_1_9' title="bbox 224 3882 1460 3970">
     <span class='ocr_line' id='line_1_32' title="bbox 224 3882 1460 3970; baseline -0.011 -19"><span class='ocrx_word' id='word_1_250' title='bbox 224 3882 289 3962; x_wconf 71' lang='lat' dir='ltr'>ipsa</span> <span class='ocrx_word' id='word_1_251' title='bbox 303 3901 371 3963; x_wconf 77' lang='lat' dir='ltr'>spes</span> <span class='ocrx_word' id='word_1_252' title='bbox 388 3886 676 3967; x_wconf 82' lang='lat' dir='ltr'>pollicitationesque</span> <span class='ocrx_word' id='word_1_253' title='bbox 689 3897 808 3951; x_wconf 87' lang='lat' dir='ltr'>nostras</span> <span class='ocrx_word' id='word_1_254' title='bbox 820 3936 828 3967; x_wconf 98' lang='lat'>,</span> <span class='ocrx_word' id='word_1_255' title='bbox 841 3890 992 3970; x_wconf 78' lang='lat' dir='ltr'>pleniores</span> <span class='ocrx_word' id='word_1_256' title='bbox 1003 3890 1095 3951; x_wconf 86' lang='lat' dir='ltr'>etiam</span> <span class='ocrx_word' id='word_1_257' title='bbox 1109 3894 1179 3948; x_wconf 90' lang='lat' dir='ltr'>sunt</span> <span class='ocrx_word' id='word_1_258' title='bbox 1191 3892 1281 3966; x_wconf 90' lang='lat' dir='ltr'>atque</span> <span class='ocrx_word' id='word_1_259' title='bbox 1290 3885 1369 3946; x_wconf 87' lang='lat' dir='ltr'>ube-</span> <span class='ocrx_word' id='word_1_260' title='bbox 1454 3911 1460 3937; x_wconf 62' lang='lat' dir='ltr'>r</span> 
     </span>
    </p>
   </div>
   <div class='ocr_carea' id='block_1_9' title="bbox 220 3983 1368 4556">
    <p class='ocr_par' dir='ltr' id='par_1_10' title="bbox 220 3983 1368 4556">
     <span class='ocr_line' id='line_1_33' title="bbox 228 3983 1368 4068; baseline -0.002 -25"><span class='ocrx_word' id='word_1_261' title='bbox 228 3983 323 4044; x_wconf 89' lang='lat' dir='ltr'>riores</span> <span class='ocrx_word' id='word_1_262' title='bbox 336 4001 437 4046; x_wconf 90' lang='lat' dir='ltr'>rerum</span> <span class='ocrx_word' id='word_1_263' title='bbox 448 3987 544 4047; x_wconf 86' lang='lat' dir='ltr'>exitus</span> <span class='ocrx_word' id='word_1_264' title='bbox 553 3988 716 4048; x_wconf 90' lang='lat' dir='ltr'>consecuti.</span> <span class='ocrx_word' id='word_1_265' title='bbox 732 3988 857 4067; x_wconf 77' lang='lat' dir='ltr'>Egregia</span> <span class='ocrx_word' id='word_1_266' title='bbox 880 3987 1005 4068; x_wconf 89' lang='lat' dir='ltr'>pristina</span> <span class='ocrx_word' id='word_1_267' title='bbox 1020 3988 1070 4049; x_wconf 90' lang='lat' dir='ltr'>illa</span> <span class='ocrx_word' id='word_1_268' title='bbox 1079 3990 1156 4047; x_wconf 89' lang='lat' dir='ltr'>inter</span> <span class='ocrx_word' id='word_1_269' title='bbox 1165 3986 1226 4046; x_wconf 89' lang='lat' dir='ltr'>Nos</span> <span class='ocrx_word' id='word_1_270' title='bbox 1237 3985 1368 4061; x_wconf 84' lang='lat' dir='ltr'>Regem-</span> 
     </span>
     <span class='ocr_line' id='line_1_34' title="bbox 220 4079 1367 4164; baseline -0.003 -25"><span class='ocrx_word' id='word_1_271' title='bbox 220 4097 280 4158; x_wconf 91' lang='lat' dir='ltr'>que</span> <span class='ocrx_word' id='word_1_272' title='bbox 296 4080 515 4144; x_wconf 84' lang='lat' dir='ltr'>Fidelissimum</span> <span class='ocrx_word' id='word_1_273' title='bbox 530 4101 590 4144; x_wconf 91' lang='lat' dir='ltr'>non</span> <span class='ocrx_word' id='word_1_274' title='bbox 606 4084 705 4145; x_wconf 92' lang='lat' dir='ltr'>solum</span> <span class='ocrx_word' id='word_1_275' title='bbox 719 4091 764 4145; x_wconf 92' lang='lat' dir='ltr'>est</span> <span class='ocrx_word' id='word_1_276' title='bbox 777 4084 978 4164; x_wconf 84' lang='lat' dir='ltr'>redintegrata</span> <span class='ocrx_word' id='word_1_277' title='bbox 990 4083 1245 4146; x_wconf 89' lang='lat' dir='ltr'>necessitudinum</span> <span class='ocrx_word' id='word_1_278' title='bbox 1254 4079 1367 4139; x_wconf 85' lang='lat' dir='ltr'>ot&#39;srcio-</span> 
     </span>
     <span class='ocr_line' id='line_1_35' title="bbox 221 4176 1368 4261; baseline -0.003 -22"><span class='ocrx_word' id='word_1_279' title='bbox 221 4176 349 4261; x_wconf 88' lang='lat' dir='ltr'>rumque</span> <span class='ocrx_word' id='word_1_280' title='bbox 360 4182 496 4243; x_wconf 84' lang='lat' dir='ltr'>omnium</span> <span class='ocrx_word' id='word_1_281' title='bbox 510 4181 713 4258; x_wconf 90' lang='lat' dir='ltr'>consuetudo,</span> <span class='ocrx_word' id='word_1_282' title='bbox 732 4183 941 4243; x_wconf 90' lang='lat' dir='ltr'>verumetiam</span> <span class='ocrx_word' id='word_1_283' title='bbox 953 4181 1120 4244; x_wconf 89' lang='lat' dir='ltr'>admirabili</span> <span class='ocrx_word' id='word_1_284' title='bbox 1141 4177 1275 4258; x_wconf 88' lang='lat' dir='ltr'>quodam</span> <span class='ocrx_word' id='word_1_285' title='bbox 1286 4176 1368 4237; x_wconf 89' lang='lat' dir='ltr'>cari-</span> 
     </span>
     <span class='ocr_line' id='line_1_36' title="bbox 223 4275 1367 4361; baseline -0.003 -23"><span class='ocrx_word' id='word_1_286' title='bbox 223 4278 277 4338; x_wconf 91' lang='lat' dir='ltr'>tati</span> <span class='ocrx_word' id='word_1_287' title='bbox 289 4280 455 4360; x_wconf 86' lang='lat' dir='ltr'>acpietatis</span> <span class='ocrx_word' id='word_1_288' title='bbox 468 4299 616 4342; x_wconf 88' lang='lat' dir='ltr'>consensu</span> <span class='ocrx_word' id='word_1_289' title='bbox 634 4282 743 4359; x_wconf 87' lang='lat' dir='ltr'>major,</span> <span class='ocrx_word' id='word_1_290' title='bbox 761 4299 853 4360; x_wconf 88' lang='lat' dir='ltr'>quam</span> <span class='ocrx_word' id='word_1_291' title='bbox 862 4300 994 4361; x_wconf 89' lang='lat' dir='ltr'>unquam</span> <span class='ocrx_word' id='word_1_292' title='bbox 1010 4279 1219 4349; x_wconf 84' lang='lat' dir='ltr'>anteaiuerat,</span> <span class='ocrx_word' id='word_1_293' title='bbox 1234 4275 1367 4336; x_wconf 90' lang='lat' dir='ltr'>stabilita</span> 
     </span>
     <span class='ocr_line' id='line_1_37' title="bbox 222 4373 1365 4455; baseline -0.003 -20"><span class='ocrx_word' id='word_1_294' title='bbox 222 4394 260 4436; x_wconf 89' lang='lat' dir='ltr'>ac</span> <span class='ocrx_word' id='word_1_295' title='bbox 272 4375 414 4437; x_wconf 89' lang='lat' dir='ltr'>roborata</span> <span class='ocrx_word' id='word_1_296' title='bbox 435 4378 617 4455; x_wconf 63' lang='lat' dir='ltr'>conjunctio,</span> <span class='ocrx_word' id='word_1_297' title='bbox 639 4379 713 4439; x_wconf 86' lang='lat' dir='ltr'>Cum</span> <span class='ocrx_word' id='word_1_298' title='bbox 731 4379 794 4439; x_wconf 80' lang='lat' dir='ltr'>hec</span> <span class='ocrx_word' id='word_1_299' title='bbox 813 4378 896 4440; x_wconf 86' lang='lat' dir='ltr'>vobis</span> <span class='ocrx_word' id='word_1_300' title='bbox 919 4377 1019 4439; x_wconf 82' lang='lat' dir='ltr'>futura</span> <span class='ocrx_word' id='word_1_301' title='bbox 1037 4373 1284 4455; x_wconf 78' lang='lat' dir='ltr'>praedicaremus,</span> <span class='ocrx_word' id='word_1_302' title='bbox 1305 4390 1365 4433; x_wconf 92' lang='lat' dir='ltr'>non</span> 
     </span>
     <span class='ocr_line' id='line_1_38' title="bbox 222 4471 1365 4556; baseline -0.004 -23"><span class='ocrx_word' id='word_1_303' title='bbox 222 4471 337 4534; x_wconf 86' lang='lat' dir='ltr'>incerta</span> <span class='ocrx_word' id='word_1_304' title='bbox 353 4479 442 4553; x_wconf 91' lang='lat' dir='ltr'>atque</span> <span class='ocrx_word' id='word_1_305' title='bbox 457 4492 494 4536; x_wconf 86' lang='lat' dir='ltr'>ex</span> <span class='ocrx_word' id='word_1_306' title='bbox 509 4474 672 4556; x_wconf 84' lang='lat' dir='ltr'>cupiditate</span> <span class='ocrx_word' id='word_1_307' title='bbox 686 4494 721 4535; x_wconf 92' lang='lat' dir='ltr'>ac</span> <span class='ocrx_word' id='word_1_308' title='bbox 735 4475 883 4536; x_wconf 90' lang='lat' dir='ltr'>desiderio</span> <span class='ocrx_word' id='word_1_309' title='bbox 902 4483 1003 4536; x_wconf 91' lang='lat' dir='ltr'>nostro</span> <span class='ocrx_word' id='word_1_310' title='bbox 1017 4471 1150 4552; x_wconf 82' lang='lat' dir='ltr'>protecta</span> <span class='ocrx_word' id='word_1_311' title='bbox 1164 4471 1365 4546; x_wconf 87' lang='lat' dir='ltr'>divinatione,</span> 
     </span>
    </p>
   </div>
   <div class='ocr_carea' id='block_1_10' title="bbox 0 0 1602 5354">
    <p class='ocr_par' dir='ltr' id='par_1_11' title="bbox 0 0 1602 5354">
     <span class='ocr_line' id='line_1_39' title="bbox 0 0 1602 5354; baseline 0 1"><span class='ocrx_word' id='word_1_312' title='bbox 0 0 1602 5354; x_wconf 95' lang='lat' dir='ltr'> </span> 
     </span>
    </p>
   </div>
  </div>
 </body>
</html>
