3194 5354
448 452 962 589 CLEMENTIS
1002 460 1162 593 XIV

636 763 794 849 PONT.
825 762 961 852 ΜΑΧ.

262 1034 755 1179 urrsroun
818 1034 936 1176 un
999 1031 1352 1253 nnnvrl

536 1388 1067 1505 SELECTIORA.

490 2160 656 2208 crurssnro
677 2164 710 2207 rn
732 2166 863 2211 cnursrc
884 2166 963 2210 rruro
986 2160 1102 2210 ucsr'no

315 2282 511 2345 luuovlco
545 2288 780 2349 rnnnconuu
813 2288 903 2351 unul
933 2287 1274 2350 CHRlS'l'lllNlSSllth

532 2406 770 2506 crunnus
798 2429 927 2507 rnen
955 2429 1065 2505 er.
1113 2500 1116 2507 ,
1152 2496 1156 2502 ,

1000 2560 1096 2640 itamar,
1116 2590 1142 2635 tt
1158 2587 1220 2646 iunii
1240 2591 1307 2635 ttclt.

264 2696 426 2755 Curtsrtme
454 2700 487 2754 tn
513 2695 630 2756 Ctrtrto
654 2692 716 2756 erte
742 2700 840 2756 caster
867 2696 997 2756 satutem
1018 2666 1262 2773 ecopostottmm
1288 2696 1371 2754 berre-

224 2796 396 2856 dictionem.
413 2790 561 2855 Dilectum
572 2792 666 2854 filium
676 2793 807 2855 nobilem
819 2795 916 2854 virum
930 2794 1094 2873 Joseplrnm
1111 2793 1275 2853 llenricum
1293 2796 1370 2853 llar-

224 2887 361 2950 chionem
378 2888 416 2948 dc
435 2886 599 2949 Aubeterre
614 2889 774 2965 Maiestatis
789 2895 849 2950 tuae
866 2889 948 2970 apud
961 2889 1039 2949 hanc
1056 2887 1251 2968 apostilicam
1266 2887 1369 2947 sedern

223 2985 390 3053 oratorem,
417 2986 449 3039 et
475 2998 593 3058 semper
624 2988 711 3040 antea
734 2989 857 3061 propter
890 2981 1028 3059 egregias
1052 2980 1130 3041 illius
1158 2980 1281 3040 virtutes
1305 2982 1371 3060 pln-

222 3074 290 3135 rimi
310 3075 453 3150 fecimus,
473 3083 503 3135 et
525 3094 606 3136 nunc
628 3078 667 3136 ad
680 3078 864 3156 pontificiam
886 3079 1062 3156 dignitatem
1089 3077 1189 3137 divina
1212 3078 1371 3139 clementia

222 3172 317 3232 evecti
337 3170 377 3232 ob
391 3170 551 3249 singularia
564 3170 700 3246 ejusdcm
715 3171 744 3233 in
758 3191 814 3233 nos
837 3178 994 3253 perspecta
1014 3173 1112 3234 studia
1132 3171 1259 3233 mirifica
1279 3173 1371 3234 bene-

220 3265 350 3327 volentia
369 3265 610 3345 complectimur.
632 3267 709 3328 llinc
728 3267 814 3330 facilc
833 3271 974 3349 Maiestas
993 3277 1047 3332 tua
1059 3277 1158 3350 potest
1171 3288 1368 3349 cognoscere,

221 3379 312 3440 quam
322 3378 401 3440 agre
414 3360 546 3422 feramus
554 3367 617 3423 tam
628 3362 688 3424 cito
700 3381 716 3423 a
729 3364 814 3425 nobis
825 3365 968 3426 eumdem
977 3364 1142 3440 discedere,
1152 3382 1243 3444 quem
1257 3364 1370 3429 diutins

221 3476 314 3537 penes
326 3476 382 3520 uos
394 3460 574 3521 commorari
592 3459 722 3522 maxirne
743 3479 933 3542 cuperemus.
957 3464 1192 3535 Verumtamen,
1214 3476 1285 3520 cum
1304 3478 1369 3522 sure

221 3553 320 3632 ipsum
333 3552 463 3614 rationes
477 3552 572 3614 isthuc
586 3561 742 3627 revocent,
758 3562 848 3636 atque
861 3556 973 3618 idcirco
987 3553 1148 3636 postulanti
1161 3554 1302 3630 Maiestas
1316 3562 1370 3615 tua

221 3653 365 3715 redeundi
385 3651 560 3713 facultatem
573 3654 771 3727 concesserit,
786 3656 863 3731 Nos,
884 3662 914 3716 et
930 3654 971 3714 illi
987 3652 1237 3715 loculentissimos
1250 3653 1368 3730 paterni

222 3748 311 3809 animi
325 3747 417 3810 nostri
435 3764 540 3809 sensus
558 3747 783 3824 declaravimus,
801 3757 832 3811 et
845 3750 991 3828 llajestati
1005 3756 1065 3809 tuae
1077 3752 1220 3807 testatum
1233 3762 1299 3805 esse
1316 3762 1368 3805 vc·

222 3844 320 3905 lunius
332 3850 456 3904 cunctas
466 3842 497 3902 iu
511 3840 693 3921 amplissimo
703 3843 843 3904 obeundo
856 3860 982 3904 munere
995 3837 1183 3919 integritatis,
1200 3835 1287 3911 fidei,
1297 3853 1368 3915 prn-

221 3942 340 4018 dentiae,
350 3961 385 4004 ac
393 3942 424 4002 iu
430 3941 492 4002 Nos
504 3939 594 4001 etiam
605 3938 721 4019 pietatis
728 3947 829 4020 partes
841 3958 907 4001 osse
918 3939 957 4000 ab
968 3939 1019 4000 illo
1030 3937 1173 4019 praeclare
1186 3933 1365 3999 cumulatas.

220 4041 303 4103 ldem
309 4042 383 4102 dum
393 4037 625 4100 humanissimas
636 4046 702 4100 tuas
712 4039 852 4101 redderet
860 4039 984 4115 litteras,
995 4037 1104 4118 quibus
1113 4039 1174 4098 Nos
1187 4035 1225 4095 de
1239 4032 1281 4092 illi
1296 4049 1368 4095 con-

220 4156 305 4200 cessa
313 4138 426 4200 reditus
438 4136 524 4198 venia
535 4136 677 4199 certiores
690 4136 801 4213 fecisti,
818 4138 1033 4200 demandatum
1043 4137 1098 4198 sibi
1110 4143 1169 4197 tuae
1183 4132 1282 4194 filialis
1295 4150 1369 4211 erga

220 4230 281 4297 Nos
294 4242 385 4316 atque
396 4233 591 4315 apostolicam
606 4235 685 4296 hanc
702 4235 805 4297 sedem
820 4236 1010 4299 declarandae
1023 4231 1217 4298 observantiae
1233 4228 1368 4291 officium

222 4333 441 4395 accuratissime
453 4334 581 4414 peregit.
595 4335 657 4397 Nos
667 4334 794 4397 invicem
812 4335 853 4397 illi
866 4350 1059 4415 summopere
1074 4331 1366 4405 commendavimus,

222 4432 255 4487 ut
272 4431 408 4513 nostri‘in
420 4431 579 4510 tepaterni
596 4433 706 4496 amoris
723 4434 959 4512 magnitudinem
979 4431 1031 4492 tibi
1044 4447 1136 4509 qnam
1150 4428 1300 4491 uberrime
1315 4449 1368 4489 rx-

1245 4542 1256 4590 1
