3194 5354
222 468 257 517 82
483 474 486 479 ’
650 453 853 513 CLEMENTIS
872 454 938 511 XlV

221 570 308 646 lenge
334 562 499 625 maximam
523 561 630 623 merito
655 562 815 642 pertinere.
841 562 956 645 Duplex
979 558 1126 642 siquidem
1147 561 1243 627 nostri
1264 566 1369 648 gaudii

220 679 311 724 causa
334 660 486 742 duplicem
509 659 581 720 item
602 677 620 720 a
644 658 736 720 Nobis
756 657 848 720 officii
872 656 1111 739 perfunctionem
1137 663 1295 743 exposcit,
1315 684 1370 729 eur

220 760 300 823 enim
322 776 383 821 non
405 758 459 820 tibi
482 756 574 819 etiam
599 755 724 818 mirifice
745 756 944 835 gratulemur,
964 774 1037 819 cum
1058 757 1097 819 ad
1119 776 1198 820 vern
1216 761 1369 842 sapientis

220 878 359 923 mamam
370 876 435 921 rem
446 856 619 939 expendens
632 874 693 919 non
704 856 803 917 saltam
817 854 964 935 optimam
978 872 1044 917 esse
1053 860 1171 936 parem
1185 875 1203 918 a
1215 858 1298 939 regia
1307 860 1368 922 lilia

221 966 273 1021 tua
284 957 411 1019 electam
424 954 544 1031 videris,
555 942 608 1015 sed
618 952 709 1015 etiam
723 954 734 1031 l
741 971 802 1035 quo
814 969 1007 1033 summopere
1014 951 1156 1016 delectati
1164 972 1270 1017 sumtas
1276 958 1300 1034 l,
1310 957 1368 1020 sin·

220 1053 355 1134 gularem
374 1049 578 1132 prestantium
591 1057 624 1112 et
642 1046 794 1110 catiniani
811 1047 903 1109 animi
917 1046 1156 1128 magnitudinem
1168 1050 1269 1132 reipsa
1289 1069 1368 1132 pra>-

222 1146 428 1211 tuleristNam
437 1145 492 1209 etsi
502 1164 558 1227 pro
567 1143 683 1207 eximiis
697 1144 774 1206 illius
786 1142 908 1205 dotrlrus
920 1144 1109 1205 carissimam
1121 1142 1220 1226 ipsam
1229 1145 1366 1223 haberes,

221 1244 432 1325 aegerrimeque
453 1250 514 1304 ate
529 1241 628 1304 diuelli
650 1240 758 1317 terres,
781 1240 896 1302 exorari
916 1248 1018 1302 umen
1036 1260 1145 1322 passus
1164 1259 1214 1320 es,
1239 1243 1367 1324 ejusque

222 1341 372 1421 religionis
385 1347 474 1421 atone
486 1357 559 1419 erge
568 1341 665 1400 Mum
676 1337 795 1418 pietatis
810 1338 941 1399 rationes
960 1356 1079 1400 summo
1098 1339 1205 1417 amori,
1223 1346 1254 1402 et
1265 1358 1366 1403 moes

222 1436 341 1498 situdini
351 1454 422 1516 erga
432 1434 514 1496 illam
529 1440 588 1495 tua
600 1433 824 1514 anteponendas
838 1451 903 1495 esse
915 1434 1101 1497 existimasti.
1120 1438 1219 1516 Atque
1230 1435 1281 1499 illa
1294 1452 1366 1497 saue

222 1532 261 1594 ab
272 1531 466 1594 hishumanae
478 1531 544 1592 rita
561 1529 747 1592 ductibrrsac
759 1530 898 1610 periculis
913 1530 942 1591 in
961 1530 1237 1612 tranquillissimam
1248 1533 1367 1595 viuum

222 1647 257 1690 ac
270 1627 437 1690 sanctitatis
451 1626 613 1689 stationem
623 1626 797 1706 confugiens
810 1626 980 1708 expeditam
991 1628 1048 1691 sibi
1060 1627 1099 1690 ad
1113 1628 1284 1693 immortale
1295 1630 1367 1693 illud

225 1723 342 1786 tulistis
352 1722 459 1784 Patriae
475 1740 602 1803 reguum
616 1723 697 1783 viam
711 1723 846 1803 aperuit,
860 1741 895 1784 ac
908 1724 1060 1803 egregium
1074 1725 1248 1805 exeuntium
1259 1727 1366 1789 ceteris

221 1818 303 1879 dedit
324 1816 476 1895 omnibus,
494 1836 587 1898 eptam
608 1818 723 1894 inanes,
742 1817 862 1897 fragiles
878 1836 913 1878 ac
928 1816 1059 1897 fugacem
1079 1835 1232 1899 quurrqtra
1244 1836 1302 1899 pro
1322 1817 1367 1881 ni·

222 1915 283 1975 hilo
297 1913 469 1995 reputanda
486 1915 545 1975 sint
567 1932 672 1976 omnes
691 1915 781 1993 hujus
797 1913 900 1975 mundi
917 1914 1039 1992 delicie,
1054 1933 1139 1996 opes,
1155 1913 1368 1997 amplitudines

221 2029 283 2092 praa
300 2017 416 2072 eterna
426 2010 526 2090 gloria
543 2011 699 2088 lelioitate,
712 2017 742 2072 et
754 2030 847 2091 quam
861 2011 975 2073 emam
992 2011 1221 2075 luctuosissima
1233 2010 1369 2075 miseria·

222 2126 290 2170 rum
302 2108 555 2170 aemuloramom
578 2109 584 2121 “
608 2107 959 2187 moausaaessepossint,
970 2108 1149 2171 sibeateilli
1157 2108 1369 2190 computande

220 2207 377 2269 aeternitati
397 2207 577 2288 impedimen
666 2205 804 2268 oderant.
832 2205 891 2267 Sed
911 2224 981 2267 oum
998 2206 1028 2267 in
1046 2206 1229 2287 perficienda
1245 2206 1369 2288 spagit

221 2304 287 2367 filie
302 2312 360 2366 tua
374 2305 497 2366 consilio
520 2311 584 2365 tam
601 2320 714 2384 magne
733 2310 834 2384 partes
847 2303 1009 2384 laudasque
1030 2309 1090 2365 tue
1101 2304 1179 2381 sint,
1197 2303 1325 2368 minime
1339 2312 1369 2367 te

221 2408 302 2464 certe
317 2420 450 2481 unquam
465 2402 609 2483 poenitere
627 2402 737 2481 poterit
745 2447 753 2478 ,
768 2400 850 2482 quod
868 2400 1039 2481 hujusmodi
1055 2400 1241 2482 indulgentia
1256 2408 1309 2464 tua
1328 2400 1368 2465 da

221 2496 365 2575 religione
377 2502 441 2557 tam
457 2498 599 2577 praeclare
615 2497 723 2558 mereri
740 2498 879 2575 uolueris,
899 2516 969 2560 cum
984 2499 1031 2560 vel
1044 2498 1158 2561 idcireo
1172 2498 1211 2561 de
1231 2498 1370 2580 omnipo-

223 2591 311 2651 tentis
322 2593 374 2654 Dei
392 2611 464 2671 erga
477 2600 507 2654 le
518 2593 701 2671 benignitate
715 2592 865 2655 confidere
877 2594 1040 2675 plurimum
1052 2596 1165 2674 valeas,
1180 2602 1211 2658 et
1225 2603 1368 2677 murat

221 2690 365 2752 eximium
379 2690 432 2752 tibi
451 2692 674 2771 comparaveris
691 2690 909 2771 praesidium-in
929 2693 1056 2755 assiduis
1069 2693 1281 2773 amantissimas
1296 2711 1371 2773 gra-

224 2786 404 2868 tissimaequc
424 2806 495 2867 erga
516 2796 545 2848 te
569 2787 859 2864 timoratorum,
880 2808 945 2868 quac
971 2797 1057 2851 tuam
1082 2790 1196 2870 regiam
1220 2792 1368 2865 Domum,

224 2891 370 2967 tuumque
394 2887 565 2948 universum
589 2905 729 2966 regnum,
757 2888 808 2948 sed
832 2889 979 2970 precipue
1001 2896 1030 2949 te
1054 2897 1169 2969 tueque
1192 2890 1299 2952 anima
1319 2890 1368 2953 in·

221 2986 446 3064 columitatem,
475 2987 557 3067 quod
580 2994 632 3049 lua
652 2986 783 3049 maxime
804 2986 945 3049 interesse
967 2987 1073 3053 debet,
1100 2986 1217 3048 Christo
1239 2987 1368 3050 1)οωίυο

220 3084 432 3146 commendare
446 3102 506 3145 non
531 3083 716 3145 intermittet.
734 3083 895 3162 Religionis
914 3091 971 3143 tua
991 3102 1025 3143 ac
1049 3082 1199 3163 sapientiae
1213 3082 1287 3160 erit,
1309 3082 1370 3142 Ga-

220 3182 337 3243 rissime
359 3183 387 3243 in
409 3183 524 3244 Christo
545 3182 586 3243 lili
606 3190 719 3259 noster,
738 3189 770 3242 ut
785 3199 821 3242 ex
837 3179 1010 3259 hujusmodi
1028 3196 1147 3241 summo
1162 3180 1282 3260 optimae
1298 3177 1369 3239 titia

221 3286 279 3337 tuae
293 3277 330 3338 de
351 3284 382 3337 te
394 3278 493 3338 studio
504 3297 607 3339 reram
628 3298 663 3340 ae
682 3278 809 3341 solidam
821 3278 1002 3357 utilitatem,
1023 3284 1083 3342 lieo
1100 3282 1224 3359 juvante
1240 3278 1368 3359 ejusque

222 3376 391 3457 adspirante
400 3377 496 3456 gralia
507 3377 711 3458 eonsaaquaris.
719 3381 836 3441 Interea
845 3378 1079 3441 lucuenusstma
1089 3380 1151 3440 lraec
1164 3386 1253 3459 atque
1263 3395 1302 3438 ex
1311 3393 1370 3456 pa·

221 3481 306 3534 terna
320 3473 472 3534 voluntale
485 3474 664 3555 deprompta
679 3494 749 3555 erga
763 3476 948 3553 llujestateru
961 3478 1059 3538 Tuam
1070 3475 1170 3538 officia
1186 3494 1223 3538 eo
1237 3473 1371 3556 excipias

220 3571 321 3633 animo
335 3571 485 3651 cupimus,
504 3579 539 3633 ut
560 3573 599 3633 ab
613 3573 820 3634 amantissimo
837 3574 898 3650 tui,
920 3582 1035 3654 tueque
1046 3572 1147 3654 glorie
1166 3592 1202 3635 ac
1215 3590 1291 3634 xerxe
1304 3571 1370 3633 leli·

219 3668 317 3730 citatis
335 3668 460 3749 perinde
474 3687 509 3730 ac
527 3687 588 3730 sue
602 3669 797 3751 cupidissimo
808 3670 943 3751 prolecta
962 3689 1027 3732 esse
1044 3671 1206 3733 existimes.
1228 3666 1315 3744 Quod
1335 3676 1371 3729 ut

219 3764 273 3825 tibi
287 3764 469 3845 persuadeas
485 3766 596 3847 magis,
616 3767 648 3828 in
661 3765 819 3848 pontificia
834 3766 992 3846 singularis
1009 3766 1145 3830 caritatis
1155 3771 1371 3847 argumentum

220 3861 415 3941 eapostolicam
423 3863 664 3927 benedictionem
674 3865 726 3927 libi
735 3912 743 3942 ‚
753 3865 911 3927 Carissimo
923 3866 952 3927 in
963 3866 1130 3930 Christoliii
1139 3872 1253 3942 noem,
1263 3880 1374 3925 m

219 3958 333 4021 tissime
347 3959 543 4041 impertimur.
558 3965 668 4026 Datum
685 3964 798 4033 Rotae,
809 3972 879 4035 ete,
892 3964 974 4026 alteo
987 3968 1064 4040 moja·
1077 3976 1168 4039 mm
1174 3963 1375 4044 meunt-³

219 4064 313 4121 nostri
326 4077 406 4120 nano
416 4065 527 4141 ptimo.

701 4232 883 4247 -n--u—-a—
