3194 5354
627 544 850 604 DOCUMENTA
869 551 994 606 vauri.
1330 551 1381 609 883

236 649 370 725 tandoai,
394 649 450 710 che
473 650 497 710 si
518 650 657 730 spiegava
676 670 762 714 meco
789 654 818 714 in
842 655 883 715 tal
904 656 1000 734 guisa,
1023 673 1083 717 non
1109 675 1162 736 per
1184 660 1291 721 deuna
1310 679 1382 740 praa

235 747 376 806 venelone
390 746 420 807 in
433 747 535 808 lavore
548 748 625 827 degli
642 750 834 826 Ex-Gesuiti,
851 769 901 812 ma
911 751 1021 831 perche
1034 755 1184 832 parevagli
1199 773 1253 835 per
1266 763 1380 836 quanto

235 849 344 923 potera
355 861 515 905 conoscere
535 844 564 904 le
580 844 740 907 intenzioni
751 846 819 908 dell’
833 848 1026 928 imperatrice
1038 847 1069 909 di
1083 867 1247 930 cooperare
1258 870 1317 914 con
1331 853 1380 914 cid

234 937 365 1015 albane,
384 957 484 1000 evero
503 939 644 1001 interesse
661 940 740 1002 della
752 941 815 1002 mia
836 943 935 1004 Corte.
951 945 1017 1005 Non
1028 943 1070 1005 ho
1081 945 1207 1010 creduto
1226 949 1381 1011 tralasciar

234 1036 266 1098 di
289 1036 403 1099 riierire
425 1056 443 1098 a
466 1038 504 1096 V.
526 1039 561 1096 E.
582 1035 808 1099 distintamente
828 1045 907 1099 tutta
928 1041 957 1100 la
976 1040 1051 1102 serie
1072 1039 1102 1103 di
1124 1049 1229 1122 questa
1252 1044 1380 1107 familiar

232 1135 472 1212 conversatione,
492 1134 548 1195 che
568 1134 609 1195 ho
632 1141 722 1196 avuta
744 1136 792 1197 col
812 1137 984 1216 sopradetto
1009 1139 1163 1220 Principe,
1183 1141 1203 1202 il
1225 1142 1313 1222 quale
1332 1143 1379 1204 ne'

232 1236 345 1311 passatl
368 1229 464 1310 giomi
486 1248 505 1292 o
523 1230 634 1310 partito
656 1231 696 1293 da
722 1232 919 1313 Pietroburgo
942 1254 996 1315 per
1015 1236 1044 1297 la
1063 1237 1112 1298 via
1132 1237 1162 1298 di
1186 1240 1303 1317 ltlosca,
1322 1241 1379 1302 alla

233 1329 314 1390 volta
328 1328 405 1391 delle
420 1347 474 1390 sue
488 1335 567 1390 tarra
581 1328 612 1388 di
631 1329 742 1390 Bianca
760 1330 884 1407 Russia,
904 1350 921 1391 e
938 1334 1042 1412 poscia
1057 1334 1136 1397 della
1153 1337 1281 1399 Taurica
1291 1338 1379 1400 Cher-

231 1443 355 1503 sonese,
368 1424 517 1488 oalmeno
528 1424 576 1486 de
588 1424 727 1505 luoghi'
701 1424 806 1487 vrccini
826 1447 844 1488 a
864 1431 963 1509 quella
972 1448 1072 1493 nuova
1089 1435 1260 1514 conquisto
1276 1435 1379 1544 Βίίομ

231 1525 303 1584 neri
315 1523 392 1603 agli
386 1541 416 1584 m
425 1530 531 1604 questa
541 1523 669 1632 capitale
681 1522 727 1584 ira
738 1523 815 1601 due,
830 1544 849 1586 o
861 1531 907 1588 tre
921 1529 1006 1590 mesi

272 1621 352 1682 Sono
366 1620 500 1682 eziandio
512 1620 612 1701 partiti
627 1618 656 1680 in
679 1638 735 1681 sua
751 1622 931 1701 campagnia
945 1624 1117 1704 Monsiguor
1129 1627 1326 1690 Arcivescovo
1345 1629 1376 1690 di

231 1717 403 1794 llohilovia‚
416 1737 433 1779 e
445 1718 464 1778 il
479 1734 578 1778 nuovo
590 1718 726 1777 Vescovo
735 1716 906 1779 Gadarense
915 1720 1107 1784 Benislawsld
1121 1722 1243 1802 giacche
1253 1725 1277 1785 si
1287 1725 1377 1786 lusin—
1423 1768 1431 1776 -

230 1833 325 1894 gano,
339 1814 396 1876 che
412 1815 443 1877 la
456 1814 558 1876 strada
572 1813 602 1874 di
619 1815 721 1875 Mosco
737 1808 781 1876 sia
798 1832 851 1894 per
872 1815 979 1877 riuscir
990 1818 1056 1878 lom
1072 1837 1163 1880 mano
1177 1819 1340 1883 disastrosa
1358 1841 1376 1881 e

232 1912 424 1992 malagcvola'
433 1912 512 1973 nella
522 1911 660 1991 presente
671 1911 817 1991 prossima
828 1912 974 1991 stagione,
984 1914 1015 1975 in
1027 1914 1075 1975 cui
1089 1915 1140 1995 qui
1152 1916 1210 1978 oio
1221 1936 1261 1979 un
1271 1916 1376 1978 freddo

228 2008 260 2069 di
271 2009 350 2072 venti
359 2006 443 2088 gradi
455 2013 535 2071 sotto
546 2008 566 2068 il
577 2008 656 2088 gelo,
669 2026 731 2070 osa
742 2009 763 2069 il
775 2008 882 2071 ireddo
891 2010 1028 2089 relenta,
1040 2013 1115 2074 cade
1128 2016 1156 2075 la
1165 2031 1239 2076 neve
1250 2015 1280 2075 in
1291 2022 1375 2077 tanta

230 2105 319 2187 copia
339 2105 395 2166 che
413 2105 443 2166 di
461 2105 510 2185 gila
526 2105 662 2185 agiunta
674 2106 715 2168 da
734 2110 867 2186 pertuttn
890 2107 928 2169 ad
947 2126 1007 2171 una
1021 2111 1234 2173 straordinaria
1251 2112 1371 2173 altem.

230 2206 255 2264 E
268 2221 323 2284 per
335 2202 394 2265 line
407 2203 456 2264 ali'
470 2205 505 2263 E.
520 2204 557 2262 V.
580 2203 621 2263 mi
640 2203 842 2265 raccomando
851 2223 889 2280 ,e
907 2223 963 2266 con
984 2206 1216 2286 profundissimo
1234 2209 1373 2290 ossequio

228 2302 272 2363 mi
287 2320 439 2381 rassegno,

306 2417 339 2478 Di
355 2419 461 2482 Vestra
479 2423 640 2484 Eminenzu

481 2536 666 2606 Umilissimo,
687 2537 878 2607 Divotissimo,
901 2541 929 2594 et
947 2533 1190 2596 Obbidientissimo
1209 2534 1292 2597 Sorro
1309 2554 1372 2598 vero

663 2635 698 2692 G.
713 2639 747 2690 Α.
771 2636 979 2692 dncrvnscovo
997 2651 1030 2693 nr
1041 2638 1246 2693 cccccccccc.

704 2759 887 2770 ——...-

707 2860 886 2929 CCCXVII.

532 3001 764 3082 CLEMENS
792 3006 917 3081 ΡΑΡΑ
946 3004 1052 3079 XlV.

431 3155 488 3214 nn
512 3154 779 3215 rsnesruau
804 3154 880 3213 aur
908 3153 1151 3215 usuoamu

269 3300 295 3350 1.
313 3284 473 3363 Dominus,
486 3304 522 3347 ac
540 3284 721 3365 Redemptor
739 3291 852 3362 noster,
867 3286 938 3345 lesu
960 3284 1113 3361 ChristuS,
1130 3283 1273 3365 Princeps
1285 3284 1368 3367 pacis

224 3403 242 3450 a
254 3384 403 3467 Propheta
415 3381 644 3464 pranuntiatus,
657 3382 738 3463 quod
752 3381 833 3443 hunc
844 3380 874 3442 in
886 3381 1033 3443 mundum
1045 3381 1166 3444 veniens
1179 3400 1232 3462 per
1247 3384 1368 3464 angelos

222 3485 354 3566 primum
366 3480 536 3562 pastoribus
555 3476 745 3560 significavit,
770 3497 805 3540 ao
825 3477 948 3541 demum
963 3479 1188 3560 perseipsum,
1207 3484 1368 3560 antequam

223 3584 253 3645 in
271 3583 358 3644 calos
371 3580 563 3657 ascenderet,
576 3581 667 3641 semel
681 3586 712 3641 et
726 3579 834 3640 iterum
846 3578 908 3641 suis
920 3579 1039 3657 reliquit
1051 3577 1203 3659 discipulis
1211 3601 1220 3654 3
1236 3578 1288 3638 ubi
1301 3597 1367 3641 ome

222 3681 273 3743 nia
285 3683 346 3744 Deo
364 3678 445 3742 Patri
458 3676 726 3756 reconciliavisset,
743 3675 906 3758 pacificans
919 3694 973 3757 per
988 3676 1164 3756 sanguinem
1177 3676 1275 3756 crucis
1288 3695 1366 3756 suae,

222 3777 283 3839 sive
294 3791 359 3858 qua
371 3777 403 3839 in
417 3775 522 3853 terris,
536 3774 596 3837 sive
607 3793 672 3856 qua
687 3773 716 3836 in
730 3775 808 3836 calis
822 3781 906 3851 sunt,
919 3773 1070 3854 Apostolia
1084 3773 1176 3834 ctiam
1190 3776 1367 3838 reconcilia-

221 3871 311 3937 tionis
330 3871 450 3936 tradidit
462 3872 677 3949 ministerium‚
693 3872 853 3954 posuitque
868 3872 897 3934 in
909 3869 1086 3933 eisverbum
1100 3872 1365 3948 reconciliationis,

222 3979 256 4033 ut
269 3972 417 4052 legatione
432 3971 587 4053 iungentes
603 3990 659 4053 pro
671 3971 802 4049 Christo,
813 3969 864 4051 qui
879 3986 940 4031 uon
959 3973 1003 4029 est
1017 3967 1206 4029 dissensionis
1216 3971 1305 4046 Deus,
1315 3968 1367 4031 sed

221 4069 315 4149 pacis,
328 4073 358 4130 et
368 4067 550 4146 dilectionis,
566 4069 705 4131 universo
715 4065 785 4130 Orbi
797 4085 904 4149 pacem
924 4065 1153 4143 annuntiarent,
1167 4072 1198 4126 et
1212 4064 1250 4126 ad
1265 4065 1295 4127 id
1307 4086 1367 4148 po-

222 4167 371 4230 tissimum
385 4180 440 4228 sua
457 4164 555 4227 studia
571 4165 741 4229 conferrent
760 4183 795 4227 ac
809 4165 944 4242 labores,
966 4170 1001 4226 ut
1017 4180 1122 4232 omnes
1137 4161 1167 4223 in
1181 4161 1297 4224 Christo
1310 4184 1366 4244 gea

221 4263 275 4326 niti
293 4262 411 4327 solliciti
433 4267 532 4325 essem
549 4281 667 4326 servare
689 4263 833 4325 unitatem
849 4261 969 4342 spiritus
982 4259 1013 4322 in
1026 4259 1149 4321 vinculo
1157 4258 1252 4339 pacis,
1272 4278 1366 4324 unum

221 4379 331 4442 corpus
342 4367 373 4422 et
387 4376 464 4422 unus
484 4357 605 4440 spiritus
614 4405 623 4437 ,
640 4359 717 4422 siout
731 4358 828 4421 vocati
846 4364 917 4420 sunt
934 4356 965 4419 in
980 4373 1041 4417 una
1056 4373 1109 4437 spe
1125 4354 1304 4433 vocationis,
1327 4355 1366 4416 ad

220 4474 313 4538 quam
329 4473 520 4538 nequaquam
536 4457 724 4538 pertingitur,
739 4463 773 4518 ut
781 4454 876 4536 inquit
887 4455 918 4515 S.
932 4452 1093 4534 Gregorius
1110 4453 1250 4533 Magnus,
1266 4452 1291 4516 ai
1305 4470 1365 4515 non

222 4552 339 4617 adeam
353 4554 437 4618 unita
449 4570 520 4617 cum
530 4553 676 4635 proximis
685 4560 785 4617 ruente
798 4558 932 4616 curaturi
