3194 5354
246 449 297 499 loli
674 442 879 501 CLEMENTIS
895 441 961 497 xlv

241 555 343 610 nostm
356 565 477 628 quoque
490 565 582 610 causa
591 548 734 611 collatum
747 548 849 611 idesse
861 543 1034 610 arbitraturi
1046 542 1150 605 umus.
1161 540 1297 605 Eandem
1309 540 1394 605 illam

241 645 333 706 etiam
344 645 389 706 aui
402 644 536 707 muneris
549 651 666 725 perlem
680 644 905 724 ililigentiaaime
917 641 1071 705 obiturum
1091 638 1284 716 confidimus,
1298 657 1393 719 quam

240 743 295 824 ipsi
308 742 457 823 precipue
469 742 697 818 mandavimus,
717 750 751 805 ut
770 741 1026 807 ciunulatiseimos
1041 739 1156 803 scilieet
1168 747 1299 820 patema
1318 757 1394 801 nos-

238 846 291 900 tra
305 840 438 902 caritatis
450 858 556 901 sensus
565 839 798 903 luculentissime
810 839 969 902 confirmet
981 837 1131 917 llajestati
1144 839 1233 916 Tun,
1244 836 1293 899 cui
1304 855 1394 918 apos·

238 942 362 1004 tolicam
373 939 613 1005 benedictionem
626 938 833 1002 amaritiasime
843 937 1042 1019 impertimur.
1060 938 1171 999 Duum
1184 936 1304 1006 Reme,
1318 943 1375 997 etc.
1382 979 1392 1011 ‚

238 1039 289 1098 die
304 1041 409 1116 primo
425 1037 600 1116 septembris
618 1044 705 1111 liro,
716 1037 910 1114 pontificatue
923 1037 1019 1096 nostri
1030 1031 1257 1095 ouaoseceado.

275 1169 349 1231 ldem
360 1186 418 1246 arg.
432 1172 556 1243 Reginae,
569 1169 721 1226 lnlantibua
733 1173 846 1241 Portug.
863 1178 916 1226 etc.

739 1416 881 1520 xcviii.

619 1634 749 1679 brianno
773 1635 858 1677 eruo
882 1634 1002 1677 rosano

373 1742 539 1802 lmlsm
570 1741 838 1802 CONSTANTINO
869 1741 1030 1802 SANCTAE
1061 1737 1242 1800 ROMANAE.

434 1884 590 1931 uchESlAE
608 1884 810 1933 PllFSBYTEllO
825 1882 993 1933 cnunluanl
1009 1881 1052 1928 DE
1068 1881 1178 1930 uollau

585 2009 737 2057 Episcopo
752 2007 1029 2059 fflcnmaalmlsl

510 2131 771 2211 CLEMENS
806 2134 940 2213 ΡΑΡΑ
977 2131 1095 2211 XIV.

941 2303 1037 2360 llomae,
1052 2299 1233 2362 receptoribus
1247 2302 1316 2349 1770.

270 2424 399 2497 Dilecte,
413 2435 471 2488 etc.
487 2428 520 2487 ln
534 2426 571 2487 iia
588 2426 755 2489 actionibus
768 2426 839 2505 tuis,
856 2425 895 2488 de
910 2425 1037 2506 quibus,
1052 2442 1144 2504 qnam
1161 2430 1254 2504 grate
1267 2423 1380 2486 scilicet

229 2522 322 2583 Nobis
331 2530 419 2603 teque
431 2523 527 2602 digna
536 2522 657 2601 luerint,
666 2522 895 2601 significavimus
904 2521 958 2584 tibi
969 2540 1024 2603 per
1035 2520 1236 2584 venerabilem
1252 2520 1377 2583 fratrem

229 2617 398 2680 Johaunem
410 2619 577 2699 Baptistam
590 2618 857 2700 Archiepiscopum
873 2619 965 2681 leonii
987 2624 1138 2693 nostrum,
1156 2624 1188 2679 ct
1206 2617 1379 2698 apostolicae

229 2715 313 2777 Sedis
324 2715 362 2777 ad
372 2719 515 2777 Traetum
525 2714 619 2778 Rheni
630 2715 815 2778 ordinarium
825 2716 987 2793 Nunnium,
995 2723 1089 2796 tuque
1099 2714 1209 2778 deinde
1218 2715 1377 2779 uobiscum

227 2832 282 2894 per
292 2813 405 2876 litteras
413 2813 509 2894 egisti,
520 2831 582 2875 non
592 2831 764 2895 possumus,
775 2814 881 2876 dilecte
893 2815 935 2877 lili
946 2821 1061 2893 noeter,
1071 2815 1102 2879 iu
1113 2814 1305 2879 rescribendo
1315 2833 1376 2881 neu

226 2911 313 2973 lateri
332 2911 489 2992 perspicue
508 2912 569 2974 Nos
593 2929 755 2991 agnoscere
778 2918 809 2973 et
824 2912 1044 2975 nobilissimum
1061 2913 1196 2976 animum
1218 2918 1324 2991 mum,
1346 2919 1378 2976 et

225 3008 315 3087 plane
335 3017 569 3072 consentaneam
591 3007 761 3091 Episcopali
785 3009 969 3087 ministerio,
990 3009 1073 3090 quod
1086 3015 1172 3073 lauta
1193 3028 1265 3075 oum
1287 3009 1377 3075 laude

224 3111 312 3187 geris,
327 3112 505 3191 sapientiam
522 3128 558 3173 ac
569 3111 722 3173 virtutem.
739 3112 802 3172 llos
820 3110 858 3173 de
873 3116 903 3171 tc
918 3129 1023 3172 sensus
1034 3129 1072 3172 cx
1087 3110 1195 3175 celeris
1213 3109 1304 3176 rebus
1315 3111 1375 3177 tuis

221 3206 339 3282 jamdiu
354 3209 558 3291 percepimus,
574 3225 655 3271 nunc
672 3225 744 3269 vero
760 3208 907 3286 majorem
925 3208 956 3269 in
969 3206 1096 3270 modum
1109 3205 1370 3284 confirmavimus,

224 3300 338 3382 tibique
349 3323 400 3364 eas
410 3303 563 3365 reddimus
573 3310 663 3385 atque
675 3304 822 3367 habemus
834 3306 958 3384 gratias,
968 3312 1003 3369 ut
1014 3306 1144 3384 majores
1153 3305 1283 3373 etiamin
1292 3305 1370 3382 dies,

224 3398 308 3460 sires
325 3399 441 3473 tulerit,
458 3407 562 3461 actura
575 3403 637 3461 Nos
652 3419 718 3462 esee
731 3401 930 3464 confidamus.
944 3404 989 3464 Ex
1005 3420 1067 3482 quo
1085 3402 1184 3478 vides,
1201 3401 1309 3465 dilenle
1329 3402 1371 3465 tili

223 3503 336 3573 noster,
352 3501 496 3578 quantam
511 3495 549 3556 de
560 3497 670 3557 vinata
684 3497 775 3558 animi
789 3497 833 3559 tui
849 3516 991 3577 geramus
1004 3497 1194 3577 opinionem,
1206 3495 1372 3578 quantique

221 3593 423 3674 episcopalem
438 3599 523 3654 tuam
536 3610 607 3672 erga
621 3594 700 3669 Nos,
715 3600 746 3654 et
769 3595 975 3674 apostolicam
990 3594 1069 3657 lianc
1082 3594 1190 3658 Sederu
1204 3595 1372 3657 observan-

222 3690 311 3765 tiam,
324 3690 456 3751 studium
468 3708 504 3750 ac
517 3689 609 3751 tillem
621 3689 778 3753 iaciamus.
789 3691 1000 3753 Gratissimum
1012 3690 1104 3753 Nobis
1118 3690 1186 3767 erit,
1198 3691 1223 3752 ai
1237 3689 1290 3753 libi
1299 3709 1371 3771 per-

221 3789 350 3849 suaseris
372 3807 476 3867 parem
499 3788 558 3850 tuis
577 3788 703 3868 egregiis
723 3808 759 3850 ae
779 3788 979 3868 singularibus
995 3789 1033 3851 de
1049 3788 1182 3851 Ecclesia
1206 3788 1321 3850 utentia
1340 3789 1370 3851 in

220 3885 313 3946 Nobis
324 3903 387 3945 esso
406 3903 477 3962 erga
491 3892 521 3945 te
532 3886 700 3963 caritatem,
713 3888 800 3965 cnjus
811 3887 927 3950 fructus
940 3888 1006 3964 tibi,
1021 3889 1272 3969 quotiescumque
1283 3889 1371 3951 locus

219 3982 323 4055 luerit,
337 3979 536 4062 amplissimos
549 3983 736 4062 pollicemur.
753 3986 797 4044 lle
811 3984 942 4061 inhujus
956 3984 1118 4047 Pontificio
1131 4002 1203 4063 erga
1218 3990 1250 4045 te
1261 4001 1369 4045 cumu-

218 4075 367 4140 latissime
379 4077 540 4138 volnutatis
563 4079 670 4157 pignus
690 4080 887 4159 apostolicam
910 4080 1149 4142 benedictionem
1170 4078 1240 4155 tibi,
1259 4077 1370 4141 fflbcle

219 4179 259 4238 lili
275 4189 387 4256 noster,
401 4188 592 4262 peramanter
611 4179 811 4261 impertimur.
830 4182 943 4241 Datum
954 4183 1146 4253 Ramnete„
1167 4181 1217 4243 die
1241 4190 1275 4240 la
1296 4197 1369 4258 sep-

218 4277 341 4335 tembris
358 4291 443 4354 rito,
456 4282 647 4358 pontificato
662 4281 760 4338 nostri
769 4295 851 4336 nono
863 4281 1003 4340 seeundo.

698 4424 883 4447 —-——d
