3194 5354
232 528 284 579 100
658 523 861 581 abusuris
879 527 944 581 XlV

203 661 205 663 -
232 628 329 688 lorms
349 625 450 687 Brevis
470 625 570 688 diem
587 627 663 704 iunii
682 641 751 690 teet
766 673 774 704 ,
788 628 944 709 expeditas
966 631 1079 694 litteras
1099 635 1259 697 attendens
1279 639 1388 701 nudos

232 723 399 806 spirituales
419 722 535 787 fructus
558 743 595 786 ex
616 726 745 806 regulari
766 728 1002 808 Congregatione
1027 732 1274 813 presbyterorum
1300 739 1382 800 Roni

230 826 317 885 lesus
331 821 360 883 in
377 820 510 882 Ecclesia
525 821 638 901 sperari
654 841 759 903 posse,
774 824 929 903 prolatam
947 829 1215 908 Congregationem
1227 841 1387 914 perpetuo

230 918 355 981 extinxit
379 941 386 978 ε
408 918 570 996 Regelare·
589 917 747 997 predictos
764 918 964 998 jurisdictioni
984 922 1209 987 Ordines-iorum
1226 925 1386 991 Locorum

229 1015 370 1094 subjecit,
392 1013 542 1091 assignata
554 1012 669 1076 eisdem
682 1031 816 1094 congrua
834 1018 1050 1081 sustentatione
1065 1038 1103 1081 er
1115 1021 1284 1086 redditibus
1304 1046 1387 1109 sup-

229 1130 339 1195 pressas
360 1108 621 1191 congregationis,
645 1117 677 1173 et
698 1130 770 1176 cum
792 1112 933 1180 lecultete
955 1117 1128 1178 1111111111
1153 1119 1192 1180 ad
1211 1123 1386 1200 quemlibet

228 1209 370 1272 Ordinem
388 1208 556 1288 regulam
577 1208 779 1291 approbatum
793 1229 812 1271 a
824 1210 901 1273 Sede
919 1213 1109 1292 Apostolica5
1122 1231 1238 1297 suoque
1250 1219 1385 1282 arbitrio

228 1305 391 1370 reservavit
410 1304 641 1388 applicationem
659 1307 809 1371 honorum
824 1308 972 1389 predicte
992 1311 1239 1393 congregationis
1252 1315 1284 1377 in
1302 1317 1385 1382 alios

249 1424 294 1469 ros
311 1424 395 1469 usus.

228 1426 249 1492 p
271 1504 468 1590 1111111111
489 1502 582 1565 leticie
602 1503 820 1566 recordatiouis
843 1505 980 1567 Clemens
1004 1507 1086 1586 Papa
1105 1507 1156 1573 tx.
1172 1508 1383 1574 Prrcdecessor

228 1603 331 1665 itidem
347 1609 449 1668 noster
469 1619 541 1664 cunr
560 1600 829 1678 animadverteret,
845 1609 905 1664 tres
919 1603 1074 1682 regidares
1085 1604 1226 1681 Ordines,
1242 1608 1383 1674 Canoni-

227 1717 335 1761 corum
348 1698 486 1761 videlicet
504 1696 688 1776 regularium
708 1697 810 1759 Sancti
830 1697 949 1778 Georgii
970 1698 1000 1760 in
1016 1699 1092 1780 hlga
1113 1709 1380 1781 nuncupatorum,

226 1795 530 1877 hieronymianorum
539 1792 577 1854 de
586 1793 710 1868 Fesulis,
719 1793 1381 1862 actmdemlesuatorumaSanctolohsnue

226 1891 413 1953 Columbsno
421 1887 626 1956 institutorum
635 1890 817 1970 perum,vel
827 1889 903 1954 nihil
915 1890 1267 1970 utilitatis,etcommodi
1276 1896 1380 1958 Chris·

226 1990 308 2053 tieno
321 1990 433 2071 populo
449 1987 573 2063 allerre,
589 1995 643 2050 sut
653 2006 774 2068 operere
785 2006 876 2068 posse
888 2006 941 2050 eos
951 2007 1016 2053 esse
1035 1989 1197 2070 aliquando
1213 1993 1378 2071 elaturos,

225 2087 263 2148 de
279 2087 316 2149 iis
333 2083 570 2168 supprimendis,
585 2083 852 2166 extinguendisque
867 2085 1026 2153 consilium
1037 2088 1134 2169 cepit,
1147 2089 1238 2171 idque
1248 2093 1380 2172 perfecit

226 2181 289 2244 suis
302 2182 409 2249 litteris
428 2181 460 2242 in
478 2179 568 2246 simili
586 2179 685 2245 torma
702 2180 805 2242 Brevis
817 2179 867 2243 die
886 2192 905 2242 o
920 2180 1090 2246 decembris
1113 2196 1188 2246 111111
1211 2186 1379 2266 expeditis,

224 2298 389 2363 corumque
401 2279 498 2354 bona,
513 2285 545 2340 et
555 2275 689 2340 redditus
700 2276 774 2338 satis
791 2277 988 2360 conspicuos,
1008 2280 1193 2342 Venetorum
1208 2283 1380 2364 Republica

224 2375 413 2456 postulante,
427 2373 458 2438 in
476 2389 529 2435 eoa
542 2378 680 2457 sumptus
700 2370 834 2452 impendi
848 2371 958 2449 voluit,
977 2373 1030 2454 qui
1044 2373 1084 2436 ed
1104 2376 1241 2443 (11111111
1261 2378 1379 2450 bellum

225 2471 368 2535 adversus
378 2473 493 2537 Truces
507 2466 715 2537 sustinendus
728 2474 814 2531 erant
827 2469 998 2532 necessario
1012 2470 1171 2534 subeundi.

268 2582 314 2635 11,
328 2572 361 2630 ln
372 2569 419 2630 his
431 2585 503 2630 vero
512 2566 653 2633 omnibus
662 2565 874 2643 decernendis,
887 2566 1136 2650 perficiendisque
1146 2570 1240 2633 satius
1251 2590 1377 2654 semper

224 2665 375 2732 duxerunt
392 2662 628 2732 Prcdecessorcs
647 2663 742 2725 nostri
762 2682 799 2726 ea
817 2664 861 2725 uti
875 2665 1096 2728 consultissima
1108 2665 1213 2749 agendi
1233 2667 1374 2751 ratione,

223 2783 315 2852 quam
334 2763 373 2826 ad
386 2761 645 2826 intercludendum
660 2761 781 2841 penitus
795 2760 913 2824 aditum
927 2762 1097 2826 animorum
1111 2763 1376 2847 contentionibus,

224 2873 255 2927 et
268 2865 307 2927 sd
318 2862 459 2948 quelibet
470 2859 638 2929 amovenda
654 2856 794 2935 dissidia,
808 2858 855 2919 vel
866 2857 999 2944 portium
1012 2857 1111 2927 studia
1126 2860 1223 2939 magis
1233 2861 1377 2928 coulernc

222 2962 442 3027 existimarunt.
453 2957 737 3033 llincmoiesteilla,
748 2975 784 3019 ac
793 2956 997 3037 pieuanegotii
1008 2957 1206 3039 pretermissa
1214 2960 1376 3041 methodo,

222 3079 288 3140 quse
303 3060 333 3122 in
344 3056 513 3122 forensibus
526 3055 717 3119 instituendis
733 3053 855 3134 judiciis
868 3053 1003 3117 adhiberi
1021 3056 1194 3134 consuevit,
1207 3057 1377 3139 prudentior

222 3159 339 3239 legibus
358 3156 446 3219 unice
467 3154 660 3230 inherentes,
682 3171 718 3215 es
737 3151 893 3233 potestatis
912 3151 1118 3233 plenitudine,
1139 3172 1200 3234 qua
1214 3161 1375 3237 tamquam

222 3253 328 3320 christi
342 3253 372 3315 in
384 3252 472 3315 terris
484 3250 613 3328 Vioarii,
629 3269 665 3312 ac
679 3248 812 3333 supremi
829 3248 1002 3318 turstano
1023 3251 1207 3334 Reipublicae
1227 3256 1375 3318 modera-

223 3359 303 3418 tores
318 3347 500 3427 amplissime
513 3346 617 3408 donati
638 3352 723 3424 sunt,
747 3364 812 3409 rem
833 3364 957 3409 omnem
978 3347 1193 3412 absolvendam
1207 3362 1371 3431 curarunt,

221 3448 294 3530 quin
308 3445 494 3532 regularibus
506 3444 666 3510 Ordinibus
683 3444 887 3526 suppressioni
897 3445 1071 3525 destinetis,
1084 3448 1203 3512 veniam
1215 3449 1371 3528 lacerent,

221 3553 252 3609 et
264 3545 439 3612 facultatem
453 3561 508 3613 soa
518 3541 693 3624 experiundi
707 3544 776 3621 jure
791 3551 822 3606 at
832 3544 1022 3625 gravissimas
1038 3545 1103 3611 illas
1113 3547 1160 3611 vel
1173 3549 1371 3628 propulsandi

221 3640 462 3715 criminationes,
477 3640 524 3703 uel
539 3658 646 3710 causas
660 3640 839 3719 amoliendi,
854 3642 895 3704 ob
913 3661 990 3722 quas
1004 3640 1043 3703 ad
1057 3641 1129 3707 illud
1146 3643 1259 3708 consilii
1270 3666 1372 3727 genus

220 3738 442 3822 suscipiendum
454 3738 689 3804 adducebantur.

264 3852 311 3901 rs.
327 3838 381 3900 llis
393 3838 494 3917 igitur,
514 3838 638 3927 aliisque
652 3838 775 3903 maximi
790 3837 871 3919 apud
890 3855 997 3900 omnes
1011 3837 1170 3919 ponderis,
1189 3848 1220 3904 et
1233 3847 1372 3909 auctori-

220 3938 288 4001 tatis
308 3935 452 4016 exemplis
466 3936 557 3998 Nobis
569 3945 638 3998 ante
654 3935 760 3998 oculos
772 3934 953 4020 propositis,
966 3933 1196 4019 vehementique
1206 3938 1297 4004 1111111
1311 3943 1372 4006 lla-

218 4039 340 4117 grantes
358 4033 539 4115 cupiditate,
562 4041 595 4094 ut
616 4033 647 4096 in
661 4052 714 4109 ca,
735 4051 827 4118 quom
849 4033 927 4096 inira
947 4031 1135 4116 aperiemus,
1154 4035 1372 4105 deliberatione

218 4135 321 4198 fidenti
342 4135 460 4209 1111111,
476 4140 601 4213 lutoque
613 4131 692 4212 pede
714 4130 903 4210 incedamus,
922 4131 997 4194 nibil
1015 4132 1176 4217 diligentie
1188 4137 1370 4215 omisimus,

218 4239 248 4291 ot
266 4231 480 4312 inquisitionis,
494 4237 527 4290 ut
544 4227 688 4309 quidquid
703 4226 742 4289 od
756 4228 902 4307 regularis
910 4228 1048 4308 Ordinis,
1059 4229 1111 4311 qui
1125 4231 1283 4294 Societatis
1294 4236 1371 4304 lesu

218 4330 436 4408 vulgodicitur,
447 4330 596 4409 originem
607 4327 752 4411 pertinet,
771 4347 982 4409 progressum,
995 4330 1236 4419 hodiernumque
1252 4342 1371 4400 statum

205 4434 488 4509 perscrutaremur,
509 4435 540 4488 et
554 4433 743 4509 compertum
763 4426 832 4486 inde
855 4426 1033 4504 babuimus,
1053 4449 1124 4492 eum
1143 4431 1181 4494 ad
1196 4430 1370 4501 eniminum
1487 4499 1495 4519 .

217 4526 361 4601 salutem,
379 4524 417 4585 ad
437 4524 662 4602 hereticorum,
685 4533 715 4587 et
730 4524 859 4587 maxime
875 4525 1044 4597 Iulidelium
1066 4528 1313 4608 conversionem,
1329 4531 1368 4594 ad
