3194 5354
490 499 673 556 EPlSTOLAE
692 501 737 556 ET
755 501 891 557 annum
908 502 1141 560 sunecrlona.
1337 512 1388 563 ²³3

241 606 314 681 diis,
330 599 488 686 episcopos
509 600 648 685 plurimis
671 605 852 684 adjumentis
869 607 980 688 privari
999 606 1121 670 sineres.
1142 611 1343 684 Quamobrem
1370 633 1388 673 a

241 698 400 784 Maiestate*
409 706 490 783 Tua,
513 723 576 784 qua
601 705 732 766 maxime
749 723 910 787 possumus
927 705 1030 766 animi
1042 707 1249 785 contentione,
1273 716 1304 771 et
1322 711 1389 791 paui

241 802 353 864 liducia
363 794 505 881 petimus,
517 806 551 863 ut
563 801 594 862 in
609 810 748 882 suscepto
757 801 942 883 perficiendo
953 805 1078 866 consilio
1092 805 1133 867 ila
1145 806 1234 869 'rebus
1248 809 1387 872 omnibus

240 900 421 978 modereris,
437 907 529 981 prout
540 918 662 962 necesse
679 906 726 962 est
738 900 790 978 iis,
801 919 869 982 qua
879 901 1024 986 Ecclesiae,
1034 909 1088 963 aut
1100 902 1201 965 divino
1211 904 1304 966 cultui
1316 914 1386 967 sunt
1475 916 1480 923 '

239 999 539 1059 consecretalem
555 999 590 1058 0.
606 998 647 1058 M.
659 1015 836 1078 precamur,
852 999 927 1062 utin
941 1001 987 1062 his
1003 1001 1180 1082 peragendis
1191 1003 1315 1064 celestis
1326 1022 1386 1064 suae

237 1095 339 1174 gratiae
356 1094 494 1175 prasidio
514 1102 544 1158 te
562 1094 684 1173 adjuvet
703 1102 734 1158 et
754 1103 915 1174 sustentet,
935 1104 1026 1178 atque
1046 1098 1077 1160 in
1091 1099 1157 1177 ejus
1173 1098 1397 1180 amplificanda*

236 1195 332 1274 gloria
342 1195 483 1276 pristinas
502 1201 572 1257 tuas
590 1193 695 1257 laudes
704 1212 773 1256 vera
786 1190 821 1256 ac
834 1195 929 1256 solida
939 1196 1031 1274 liujus
1041 1195 1136 1259 laudis
1146 1184 1317 1260 accessione
1326 1201 1383 1260 'cu-

236 1292 344 1354 mules.
357 1294 487 1354 Demum
497 1291 528 1354 in
544 1290 703 1372 singularis
717 1297 826 1353 nostre
836 1299 967 1372 paternae
979 1294 1112 1355 caritatis
1131 1294 1238 1376 pignus
1258 1301 1399 1381 aposto-¹

237 1389 327 1452 licam
339 1389 580 1453 benedictionem
591 1389 741 1469 Majestati
752 1392 824 1451 Tue
837 1390 978 1471 omnique
998 1391 1137 1470 numae
1153 1393 1262 1454 Domui
1274 1397 1383 1455 aman-

236 1485 350 1550 tissime
366 1488 566 1569 impertimur.
587 1491 701 1550 Datum
721 1492 755 1548 in
778 1487 854 1547 Arre
878 1488 1054 1566 Gundulplti
1073 1489 1248 1550 Albanemis
1267 1492 1382 1551 Ilioece-

220 1593 289 1661 sis,
303 1597 373 1661 etc,
389 1589 439 1650 die
452 1600 487 1649 2⁴
503 1589 729 1680 octotrtstm,
738 1589 931 1664 pontificatus
944 1591 1039 1646 nostri
1050 1605 1130 1648 auno
1142 1593 1260 1666 quarto.

716 1707 896 1722 —

751 1818 860 1888 cclx,

489 1976 657 2019 carissimo
680 1977 715 2019 m
738 1975 871 2017 cunrsro
894 1973 981 2016 eiuro
1004 1974 1122 2017 uosrro

319 2078 488 2140 JOSEPHO
509 2081 550 2140 ΙΝ
571 2083 822 2143 ROMANORUM
841 2080 1124 2142 IMPERATOREM
1145 2080 1291 2140 ELECTO

538 2203 773 2284 CLEMENS
801 2206 929 2283 ΡΑΡΑ
958 2202 1063 2279 XIV.

973 2355 1070 2412 Romae,
1088 2349 1245 2400 sdecenbns
1262 2355 1329 2401 1772.

272 2464 435 2520 Carissimo
454 2467 511 2522 etc.
526 2462 798 2541 Quamquampost
814 2462 990 2521 consecutas
1002 2456 1032 2517 in
1048 2454 1280 2518 Poloniarerum
1289 2475 1376 2518 corn-

233 2559 414 2623 mutationes
424 2561 589 2622 maximum
601 2568 749 2635 nostmm,
766 2558 872 2638 inquo
890 2574 1012 2618 eramus
1031 2554 1069 2616 de
1082 2554 1242 2616 Catholicae
1253 2554 1376 2634 religio-

231 2657 277 2718 nis
291 2656 497 2719 incolumitate
519 2657 661 2720 timorem
675 2656 860 2736 mitigassent
877 2654 951 2734 ipsae
962 2651 1181 2715 dominantium
1195 2651 1291 2731 leges,
1310 2653 1375 2733 qui·
1478 2670 1480 2675 ⁴

232 2752 289 2814 bus
302 2753 524 2816 catholicorum
536 2755 647 2835 templa
659 2799 667 2830 ,
679 2771 784 2834 resque
798 2759 884 2814 sarta
903 2756 990 2814 tectae
1002 2769 1067 2812 esse
1081 2750 1264 2828 jubebantur
1283 2752 1374 2831 (quas

230 2850 309 2928 leges
331 2857 390 2910 tua
406 2849 596 2929 potissimum
620 2849 700 2929 apud
723 2850 788 2910 illos
802 2849 842 2910 ad
856 2855 974 2910 nostras
989 2854 1021 2907 et
1037 2846 1262 2926 praedecessonis
1280 2847 1373 2908 nostri

227 2964 333 3025 preces
346 2964 401 3025 pro
422 2946 565 3025 religione
580 2952 698 3007 navate
709 2964 809 3026 operae
823 2943 996 3006 tribuendas
1014 2944 1217 3024 putavimus),
1233 2945 1257 3005 si
1271 2953 1373 3007 tamen

229 3058 301 3100 cum
327 3047 432 3120 prater
457 3059 579 3102 omnem
611 3059 696 3120 spem
719 3047 872 3117 nostram,
901 3047 932 3100 et
958 3046 1063 3101 contra
1085 3039 1248 3100 earundem
1273 3041 1372 3121 legum

228 3136 396 3198 sanctiones
423 3136 544 3198 militari
571 3135 698 3198 sortasse
720 3135 858 3212 licentia,
887 3140 940 3196 aut
966 3152 1090 3210 eorum,
1116 3136 1167 3215 qui
1192 3138 1373 3217 exequendis

228 3231 356 3294 decretis
378 3239 525 3314 presunt,
544 3231 729 3310 temeritate,
749 3237 780 3292 et
793 3231 937 3292 hactenus
953 3231 984 3293 in
996 3230 1166 3293 Catholicos
1182 3232 1313 3312 plurima
1334 3229 1387 3294 il-'

228 3331 288 3393 lata
305 3337 431 3409 esse,'et
445 3332 475 3394 in
497 3331 561 3394 dies
573 3330 711 3412 graviora
726 3329 838 3393 damna
853 3329 955 3393 inferri
976 3329 1149 3410 audiamus,
1173 3352 1316 3413 magnum
1340 3335 1371 3398 in

228 3438 342 3494 metum
354 3433 531 3495 adducimur
544 3450 606 3494 non
617 3431 714 3492 solum
731 3429 769 3492 da
783 3427 953 3492 discrimine
971 3429 1091 3510 aliquo,
1112 3437 1164 3493 aut
1177 3431 1368 3512 detrimento,

227 3532 383 3593 venumda
400 3532 466 3613 ipso
480 3528 632 3610 religionis
650 3528 783 3603 interitu,
798 3528 944 3605 nisi‘tuo,
964 3528 1118 3592 carissime
1142 3529 1172 3591 in
1188 3530 1305 3593 Christo
1326 3531 1368 3594 fni
1485 3540 1489 3555 ·

226 3637 337 3706 noster,
352 3629 541 3711 potissimum
549 3625 688 3709 praesidio
700 3672 708 3702 ,
723 3643 758 3687 uc
770 3628 866 3688 tutela
879 3627 1019 3690 Ecclesia
1033 3628 1117 3690 aede
1137 3637 1275 3710 suscepto
1288 3633 1369 3694 malo

225 3727 357 3805 quotidie
369 3727 559 3791 invalescenti
570 3732 740 3788 occuratur.
757 3719 958 3800 Quamobrem
971 3725 1062 3788 divini
1072 3728 1188 3806 cultus,
1203 3728 1252 3790 cui
1262 3731 1369 3810 praesi-

225 3823 349 3906 demus,
365 3828 522 3903 sanctitas,
538 3831 628 3905 atque
648 3822 802 3904 integritas
816 3842 852 3885 ac
865 3830 975 3886 eterna
992 3830 1040 3886 tot
1060 3825 1243 3906 populorum
1256 3829 1368 3890 salusa

224 3922 315 3986 Nobis
337 3926 483 4005 postulat,
502 3932 536 3987 nt
555 3929 714 4006 propterea
734 3924 920 4001 Maiestatem
929 3925 1032 3984 Tuam
1051 3922 1247 4002 obtestemur,
1273 3934 1367 4007 utque

225 4024 349 4084 tutelam
368 4030 456 4102 atque
472 4041 563 4104 opem
577 4022 656 4084 hanc
676 4028 783 4099 tuam,
796 4041 857 4103 qua
871 4021 1001 4084 maxime
1016 4041 1177 4105 possumus
1195 4023 1364 4099 alacritate,

224 4125 314 4201 atque
329 4121 436 4182 ardore
455 4121 546 4182 animi
564 4129 751 4202 expetamus.
765 4124 831 4184 Tua
842 4128 873 4183 te
893 4121 959 4204 ipsa
977 4122 1074 4203 pietas
1088 4169 1096 4200 ,
1112 4129 1225 4184 etcum
1239 4123 1366 4201 precla-

224 4217 341 4280 rissima
352 4218 475 4281 laudum
499 4219 636 4281 omnium
646 4219 819 4282 hereditate
833 4220 1029 4300 amajoribus
1046 4220 1105 4281 tuis
1115 4220 1146 4279 in
1159 4228 1188 4278 te
1206 4221 1366 4283 transmis-

223 4332 291 4374 sum
311 4315 461 4394 religionis
471 4315 587 4377 tuendae
601 4316 735 4379 studium
752 4317 790 4378 ad
805 4313 897 4395 illud,
916 4317 999 4397 quod
1012 4314 1215 4396 postidamus,
1226 4332 1365 4380 comnm-

222 4410 320 4489 vebit,
341 4418 430 4492 atque
450 4412 597 4492 impellet,
613 4421 644 4477 et
654 4422 707 4476 tua
724 4415 805 4495 apud
832 4433 900 4491 eos,
925 4415 955 4474 in
972 4429 1102 4492 quorum
1122 4410 1278 4475 dominatu
1299 4415 1364 4479 haec

221 4509 314 4582 liunt,
340 4510 517 4589 auctoritas,
532 4510 586 4573 tibi
608 4512 830 4593 paratissimum
853 4513 968 4574 aditum
988 4509 1026 4572 ad
1040 4509 1120 4572 idem
1142 4510 1364 4593 impetrandum
