3194 5354
392 486 574 542 urrsronn
589 486 636 540 ur
655 484 787 540 annua
802 468 1033 542 smncnoun,
1231 494 1283 544 rsa

142 593 209 653 vita
238 597 355 652 aterne
377 591 484 652 semita
510 589 709 651 consectanda
735 589 846 651 ducem
870 607 906 651 ac
935 589 1112 669 magistrum
1136 591 1282 654 futurum.

143 686 271 750 Proinde
292 687 351 748 hoc
373 686 537 768 apostolico
561 704 686 749 mrmere
705 687 761 748 rite
783 686 946 766 satagmdo
974 686 1057 749 vides
1080 688 1285 752 beatissimam

142 783 377 847 immortalitatis
395 785 461 846 rite
478 784 534 846 tibi
551 784 721 847 mercedem
738 783 957 865 expectandam
971 791 1024 845 aut
1043 785 1095 847 illo
1108 787 1284 867 negligendo

142 875 339 963 sempiternos
359 882 459 947 luctus
471 899 509 944 ac
526 880 645 945 dolores
665 880 789 943 omnino
811 879 1016 943 incursandos.
1031 882 1130 955 Quare
1147 881 1222 944 dum
1234 882 1285 945 di·

141 980 216 1045 vina
228 979 331 1059 gratia
342 977 489 1041 beneficio
510 978 719 1060 opportunitas
731 977 786 1039 tibi
801 976 934 1058 suppetit
951 976 1041 1056 hujus
1054 976 1178 1038 maximi
1191 979 1285 1058 etqui

145 1075 232 1136 unica
246 1075 285 1136 ad
297 1082 326 1137 te
339 1074 483 1156 pertinet,
496 1074 657 1156 peragendi
679 1073 802 1154 negotii,
824 1092 892 1154 age,
916 1072 1100 1136 Venerabilis
1112 1074 1229 1150 Frater,
1253 1080 1285 1135 et

144 1171 184 1232 ad
194 1172 378 1254 reparmdas
387 1172 492 1234 orium
502 1179 625 1234 tuarum
639 1171 861 1247 manationes,
873 1176 905 1232 ct
917 1169 955 1232 ad
972 1170 1039 1232 illas
1050 1169 1082 1231 in
1094 1171 1233 1233 Ecolesia
1247 1189 1285 1233 ac

143 1267 212 1330 fidei
232 1270 352 1351 pascuis
369 1269 541 1332 retinendas
554 1276 608 1331 tna
620 1268 763 1350 pastorali
781 1267 981 1330 sollicitudme
992 1274 1100 1349 presto
1110 1287 1177 1332 esse
1192 1270 1283 1347 velis,

142 1373 210 1428 tuos
220 1367 251 1428 in
262 1368 427 1450 apostolico
440 1367 541 1430 officio
551 1368 705 1449 operarios
716 1385 752 1430 sc
762 1367 915 1433 ministros
925 1367 1063 1448 prasidio
1074 1373 1165 1448 atque
1177 1385 1284 1430 exam-

142 1466 193 1546 plo
206 1473 261 1530 tuo
275 1468 384 1547 adjuva
394 1514 402 1546 ,
412 1467 559 1550 poprdum
575 1484 668 1548 opera
684 1474 738 1528 tua
751 1467 781 1528 in
798 1467 948 1547 religionis
966 1465 1137 1546 cognitione
1148 1467 1282 1545 institue,

143 1571 233 1645 atque
251 1565 290 1628 ad
303 1566 422 1648 pietatis
434 1566 571 1628 studium
584 1565 693 1628 excita.
708 1565 764 1641 Qui
779 1571 911 1646 etquam
919 1565 1053 1646 preclari
1061 1582 1097 1626 er
1109 1564 1284 1644 hujusmodi

143 1662 246 1727 labore
266 1664 383 1728 tructus
393 1672 424 1727 te
434 1669 578 1727 moueant
589 1664 689 1745 cogita
697 1687 706 1741 3
721 1664 800 1726 leves
810 1664 1009 1726 enimomnes
1024 1669 1185 1744 propterea
1204 1665 1285 1727 tnita

141 1782 220 1827 cura
232 1765 324 1828 videri
342 1765 396 1826 tibi
416 1770 579 1846 poterunt,
591 1783 663 1827 cum
676 1762 831 1824 intuebero
843 1779 898 1844 per
908 1763 1042 1843 amplam
1054 1760 1284 1825 retributionem

142 1881 161 1924 a
179 1869 336 1945 pastorum
349 1862 486 1944 Principe
499 1862 692 1924 observatum
708 1876 829 1940 gregem
845 1857 878 1920 in
890 1858 1079 1920 villicationis
1090 1864 1148 1921 tua
1168 1858 1284 1919 ratione

142 1959 297 2022 reddenda
313 1959 527 2040 recipiendam.
547 1961 643 2021 Deum
654 1961 689 2021 0.
705 1959 746 2019 ll.
760 1975 921 2039 precamur
934 1965 969 2020 ut
987 1976 1094 2039 parem
1112 1960 1283 2021 necessitati

141 2057 195 2118 tibi
206 2059 376 2120 animarum
390 2057 496 2119 salutis
506 2055 646 2118 ardorem
660 2055 791 2135 injiciat,
805 2062 837 2117 et
853 2061 1001 2137 quantum
1011 2055 1160 2117 hactenus
1173 2073 1284 2118 mosro-

145 2153 189 2214 ris
202 2173 240 2216 ex
253 2155 313 2216 situ
325 2173 360 2215 ac
368 2154 517 2234 squallore
527 2159 584 2214 tua
589 2152 679 2234 Cypri
689 2151 979 2234 Ecclesiaeoepimua,
991 2157 1109 2213 tantum
1117 2151 1236 2228 laetitiae,
1247 2169 1284 2214 ac

143 2252 341 2330 jucunditatis
360 2269 396 2312 ex
417 2250 560 2331 pastorali
583 2256 637 2312 tua
654 2250 685 2312 in
708 2267 780 2330 agro
801 2249 919 2312 Domini
944 2247 1108 2311 excolendo
1131 2248 1285 2329 insumpta

138 2365 233 2428 opera
247 2348 414 2429 capiamus.
431 2350 498 2422 Quo
511 2346 609 2427 magis
622 2353 688 2409 rata
697 2346 843 2428 firmaque
856 2346 915 2408 sint
927 2346 991 2408 hac
1003 2353 1105 2408 nostra
1117 2346 1284 2407 caelestium

139 2445 294 2506 donorum
309 2445 462 2526 auspicem
476 2450 623 2507 etnostra
632 2444 846 2508 benevolentiae
854 2445 964 2526 pignus
983 2446 1180 2527 apostolicam
1194 2445 1284 2507 bene·

140 2541 307 2603 dictionem
322 2541 388 2619 tibi,
399 2541 587 2605 Venerabilis
595 2543 709 2617 Frater,
723 2549 837 2625 tuoque
847 2543 985 2606 universo
999 2544 1113 2626 populo
1123 2560 1283 2626 peraman-

139 2643 190 2699 ter
204 2638 405 2721 impertimur.
426 2641 539 2703 norm
552 2641 654 2703 Rome
666 2643 748 2722 opud
767 2643 914 2704 Sanctam
928 2645 1060 2704 Monam
1074 2642 1219 2720 llajorem
1231 2642 1284 2703 rai
1413 2664 1415 2668 ·

141 2739 264 2800 Annulo
284 2741 463 2810 Piscatortr,
485 2740 537 2800 dte
559 2750 592 2800 tt
616 2746 739 2820 capsas·
762 2751 853 2817 trra,
871 2744 1065 2820 pontificatur
1088 2746 1184 2804 nostri
1204 2757 1283 2802 ortuo

138 2840 253 2914 putato.

618 2933 803 2946 unua—*-

625 3055 795 3127 CCXXIX.

443 3201 679 3284 CLEMENS
705 3207 832 3283 PAPA
860 3202 966 3282 XIV.

373 3356 434 3423 M)
455 3357 479 3416 F
484 3354 672 3419 UTtJlth
691 3356 768 3418 REI
789 3355 1043 3419 MEMonllM.

891 3492 984 3548 Rome,
1000 3493 1026 3539 ta
1039 3487 1133 3551 angui
1150 3490 1219 3539 1773.

175 3594 364 3658 Gravissirm's
383 3612 420 3656 ex
433 3595 533 3656 causis
552 3612 648 3675 nuper
661 3595 722 3656 Nos
742 3613 797 3675 per
810 3594 883 3656 alias
896 3600 1014 3656 nostras
1036 3592 1169 3654 insimili
1185 3592 1282 3654 torma

137 3693 238 3755 Brevis
253 3691 302 3753 die
322 3710 380 3752 ιιι
394 3691 556 3773 superioris
572 3692 686 3753 mensis
702 3692 774 3754 tulii
791 3691 944 3774 expeditas
963 3691 1081 3767 literas,
1102 3690 1283 3753 Societatem

137 3787 209 3847 lesu
223 3787 402 3866 extinctam,
418 3794 508 3868 atque
525 3806 716 3869 suppressam
731 3787 936 3865 decrevimus,
949 3794 980 3849 et
997 3787 1232 3865 declaravimus,
1244 3805 1283 3850 ac

138 3881 228 3959 alias,
245 3891 337 3963 prout
356 3885 387 3946 in
410 3884 523 3947 eisdem
537 3885 647 3947 nostris
666 3885 780 3964 literis,
799 3904 930 3967 quarum
952 3891 1071 3948 tenores
1087 3885 1283 3966 presentibus

137 3998 194 4061 pro
207 3981 310 4062 plene,
322 3989 355 4043 et
363 3983 545 4046 sufficienter
558 3984 704 4066 expressis
717 3982 824 4046 haberi
838 3985 995 4060 volumus,
1010 3983 1133 4046 uberius
1144 3982 1284 4045 contiue-

139 4090 199 4142 tur.
215 4081 530 4162 docitispostmodum
541 4082 590 4146 die
601 4103 636 4144 rr
650 4083 798 4146 currentis
810 4082 922 4145 mensis
935 4082 1063 4163 Augusti
1081 4081 1196 4143 dilectis
1215 4080 1283 4141 tiliis

137 4179 231 4239 nostri
244 4181 274 4240 S.
289 4180 327 4239 n.
344 4181 378 4238 E.
391 4180 574 4261 Presbyteris
592 4180 799 4242 Cardinalibus
812 4180 933 4242 Andrea
944 4181 975 4242 S.
990 4177 1120 4242 naturai
1135 4177 1164 4238 in
1179 4177 1283 4240 naru-

136 4279 207 4338 laua
225 4277 359 4353 Corsino,
374 4277 468 4339 llario
484 4280 515 4340 S.
529 4279 688 4359 Augustini
704 4278 887 4352 ldareiusco,
903 4276 1063 4339 Francisco
1074 4274 1105 4334 S.
1124 4273 1282 4337 Clementis

136 4375 257 4451 Carasa,
277 4382 307 4436 et
319 4374 479 4437 Francisco
495 4376 623 4438 Xaverio
641 4377 693 4438 SS.
709 4375 839 4438 Silvestri
853 4420 861 4451 ,
874 4379 905 4434 et
927 4371 1044 4433 Martini
1058 4371 1097 4432 od
1114 4372 1230 4433 ldontes
1242 4371 1281 4434 de

136 4471 244 4533 Zrlada
259 4472 420 4552 respective
440 4473 638 4552 nuncupatis,
649 4492 684 4533 ao
696 4472 805 4533 dilecto
818 4487 940 4550 quoque
952 4468 1014 4529 tilio
1034 4475 1137 4531 nostro
1149 4470 1281 4532 Antonio

1131 4580 1172 4629 17.
