3194 5354
407 519 590 575 arrssoua
607 519 651 573 m
670 520 805 575 sanvu
823 521 1056 580 snuucnons.
1252 510 1305 580 ria

669 683 793 763 CCXX.

407 843 581 888 CABISSIKAE
603 848 636 888 ln
659 847 793 892 cnulsno
816 851 910 893 ΗΠΒ
931 852 1059 896 NOSTRA!

208 941 344 1003 unitim
362 942 567 1004 TllEllllSlAE
586 944 802 1006 HUNGARIAE
821 948 981 1010 REGINAE
1000 949 1264 1023 momontum,

428 1058 554 1108 menon
569 1059 721 1109 nouum
736 1060 861 1110 llilGlllAE
876 1063 1037 1124 mausum,

341 1156 376 1204 tlt
394 1157 593 1207 ROMANORUM
609 1159 844 1210 memmerunt
859 1160 989 1210 ELEGEAE
1004 1161 1127 1221 vmuAE,
1252 1181 1255 1186 ’
1283 1207 1288 1220 t

471 1252 704 1332 CLEMENS
730 1255 858 1334 PAPA
886 1254 992 1331 XlV.

913 1405 1010 1463 Roma,
1026 1407 1056 1452 nc
1066 1401 1144 1453 martii
1158 1405 1225 1452 177³.

200 1500 379 1578 Commimo,
392 1508 447 1563 etc.
463 1503 508 1562 Ex
520 1501 695 1582 uostrispro
706 1500 819 1562 tuenda
830 1498 982 1561 Catholica
991 1497 1152 1560 inPolonia
1162 1496 1303 1577 religione

159 1591 199 1652 ad
207 1593 396 1672 Maiestatem
406 1599 504 1660 Tuam
514 1596 593 1659 datis
605 1604 693 1659 antea
707 1596 813 1658 litteris
824 1595 987 1675 intelligere
997 1593 1135 1675 potuisti,
1147 1592 1303 1655 carissima

159 1690 190 1751 in
211 1690 328 1756 Christo
349 1695 412 1756 illia
434 1701 558 1773 nostra,
580 1701 726 1777 quarm
745 1692 815 1755 inde
834 1690 1065 1755 sollicitudinem
1086 1707 1122 1752 ac
1138 1705 1299 1751 moerorem

160 1788 261 1851 animo
271 1791 444 1872 capiamus,
456 1800 660 1872 quantamque
678 1808 764 1873 spem
779 1808 815 1852 ac
825 1789 968 1850 fiduciam
981 1788 1012 1848 in
1021 1793 1074 1849 tua
1088 1784 1228 1866 singulari
1240 1782 1303 1865 pie-

158 1891 237 1962 tate,
252 1894 365 1968 tuoque
380 1907 452 1970 erga
465 1890 629 1952 Ecclesiam
648 1888 817 1971 patrocinio
832 1887 1024 1950 collocemus.
1050 1886 1124 1946 Cum
1138 1889 1239 1946 auum
1250 1879 1302 1942 ad-

158 1983 275 2045 venisse
296 1985 363 2062 jam
388 1993 508 2067 tempus
527 1986 600 2049 illud
615 1986 770 2049 videamus
788 2003 850 2066 qno
866 1991 1002 2066 tempore
1027 1984 1150 2045 omnino
1180 1997 1301 2042 necesse

158 2079 199 2140 sit
212 2081 324 2161 partim
338 2082 427 2144 illatis
436 2083 581 2145 hactenus
595 2083 663 2146 fidei
671 2129 680 2161 ,
701 2102 736 2145 ac
748 2083 842 2144 divini
857 2082 955 2144 cultus
965 2079 1125 2160 integritati
1136 2078 1302 2139 detrimen-

158 2175 197 2238 tis
213 2176 345 2256 mederi,
365 2178 475 2260 partim
491 2181 587 2243 multo
602 2180 787 2262 gravimibus
807 2174 1049 2261 impendentibus
1064 2174 1152 2238 malis
1164 2179 1302 2236 counan-

156 2273 270 2336 tissime
286 2274 444 2354 obsistere,
461 2277 633 2358 eisdemque
652 2295 758 2339 omnes
776 2275 875 2338 aditus
900 2275 1076 2351 obstruere,
1097 2269 1301 2333 incredibilem

157 2370 187 2430 in
200 2368 325 2432 modum
334 2372 424 2452 hujus
432 2374 557 2455 periculi
569 2375 775 2455 magnitudine
784 2393 820 2436 ac
831 2373 1053 2459 propinquitate
1063 2385 1299 2446 commovemur,

153 2474 186 2528 et
206 2485 244 2530 eo
264 2469 409 2533 alacriore
427 2472 526 2534 studio
546 2491 635 2554 opem
657 2491 693 2536 ac
710 2473 881 2555 presidium
905 2479 992 2535 tunm
1015 2471 1221 2553 exposcimus,
1239 2488 1300 2551 quo

155 2563 252 2644 magis
262 2565 313 2628 illo
324 2566 503 2648 indigemus.
519 2570 652 2632 Allatum
671 2571 751 2632 enim
765 2570 804 2632 ad
816 2565 878 2633 Nos
891 2576 937 2633 est
952 2570 983 2632 in
997 2569 1142 2652 proximis
1153 2569 1246 2651 Regni
1260 2570 1300 2632 il-

154 2659 214 2723 tius
225 2663 359 2726 comitiis
372 2682 439 2745 qua
459 2667 593 2747 pericula
607 2686 642 2730 ac
654 2667 862 2729 dimicationes
877 2666 1013 2748 religioni
1028 2666 1299 2748 immineant,qua
1407 2658 1409 2662 ’

153 2758 297 2824 adversm
309 2763 492 2826 catholicam
502 2766 667 2828 Ecclesiam
679 2764 849 2828 molitiones
858 2763 948 2842 liant,
960 2772 1049 2845 atque
1059 2764 1196 2844 ingentes
1205 2761 1298 2824 Nobis

153 2865 223 2919 sunt
235 2865 334 2920 metus
355 2878 391 2921 ac
405 2862 589 2941 suspiciones
610 2864 723 2941 injecte
746 2880 872 2941 magnos
890 2870 1016 2925 conatus
1028 2861 1145 2924 tuturos
1159 2862 1197 2923 de
1210 2860 1299 2923 labe-

76 2978 79 2983 ·
152 2954 300 3018 lactandis
320 2957 392 3037 ipsis
408 2959 522 3036 legibus
534 2977 591 3038 pro
607 2958 674 3018 fidei
692 2957 898 3019 incolumitate
911 2957 1052 3032 sancitis,
1077 2957 1156 3018 etde
1176 2957 1298 3019 natione

152 3053 225 3114 buic
238 3055 269 3115 S.
291 3054 359 3114 Sedi
379 3072 496 3135 semper
516 3055 791 3132 conjunctissimae
809 3053 918 3130 Nobis,
933 3053 1172 3132 atqueEeclesiu
1183 3052 1298 3116 unitate

152 3149 236 3212 bunc
248 3149 413 3212 inmodum
426 3150 593 3214 divellenda
601 3174 609 3227 ;
620 3150 672 3213 sed
684 3168 755 3212 cum
765 3151 796 3211 in
812 3149 919 3212 iisdem
929 3149 1063 3212 comitiis
1074 3156 1158 3212 tuam
1170 3150 1299 3212 auctori·

152 3255 247 3311 tatem
260 3267 297 3312 ac
309 3250 494 3312 voluntatem
515 3267 696 3332 magnopere
719 3250 879 3312 valituram
899 3249 1116 3330 intelligamus,
1135 3250 1245 3312 mirum
1267 3251 1297 3314 in

153 3344 278 3408 modum
300 3364 482 3423 recreamur,
502 3353 591 3428 atque
611 3348 642 3409 in
663 3348 762 3410 tutele
783 3354 843 3409 tue
860 3365 913 3429 spe
935 3346 1187 3428 conquiescimus.
1211 3350 1245 3411 ln
1267 3357 1298 3412 te

157 3447 237 3509 euim
253 3453 367 3528 tuoque
381 3447 419 3508 de
433 3447 577 3527 religione
586 3446 686 3508 studio
699 3446 892 3526 paratissima
902 3446 973 3508 huic
985 3446 1124 3508 Ecclesia
1135 3447 1297 3510 calamitati

152 3542 289 3620 presidia
310 3563 345 3606 ac
358 3543 465 3606 solatia
480 3543 544 3606 lore
558 3543 681 3605 omniuo
699 3548 905 3624 expectamus.
922 3545 966 3604 'le
986 3543 1168 3624 populorum
1183 3550 1298 3607 aterna

154 3639 258 3703 salutis
271 3647 301 3704 et
315 3640 421 3704 divine
438 3640 539 3723 gloria
552 3639 802 3704 studiosissimam
818 3648 900 3703 certe
924 3641 997 3702 nibil
1009 3642 1223 3723 permissuram
1239 3644 1296 3705 sci·

152 3753 220 3800 mus
233 3739 271 3802 de
291 3741 371 3802 avita
385 3741 478 3826 totius
497 3740 627 3803 Poloniae
648 3737 808 3818 religione,
821 3738 895 3800 nibil
913 3738 951 3800 de
962 3739 1100 3801 Ecclesiae
1109 3784 1118 3817 ,
1134 3747 1223 3820 atque
1236 3743 1297 3802 Ec-

151 3833 383 3900 clesiasticorum
389 3836 744 3918 juribusdetrabi,neque
751 3855 908 3918 passuram
919 3845 952 3899 ut
960 3834 1138 3920 cujusquam
1146 3840 1295 3921 voluntas,

151 3939 241 4013 atque
258 3934 422 4001 auctoritas
435 3935 464 3996 in
484 3933 693 3997 labefactanda
705 3934 838 3996 Ecclesia
851 3935 946 4015 magis
963 3937 1075 4015 valeat,
1087 3957 1180 4018 quam
1195 3945 1247 4000 tua
1265 3939 1295 4001 in

150 4031 346 4095 defendenda.
362 4028 491 4096 Proinde
508 4032 675 4096 Venerabili
694 4033 791 4096 Fratri
805 4033 936 4116 losepbo
950 4034 1185 4118 Archiepiscopo
1196 4037 1296 4116 Beryti

150 4127 301 4191 ordinario
311 4135 413 4191 nostro
423 4130 454 4191 in
466 4129 589 4192 Polonia
610 4129 722 4193 Nuntio
739 4131 768 4192 id
786 4132 883 4212 ipsum
897 4139 1000 4194 nostro
1015 4132 1136 4195 nentina
1150 4132 1296 4212 satagenti

150 4227 287 4306 presidio
296 4233 349 4288 tuo
363 4226 393 4287 in
405 4226 468 4289 dies
479 4227 634 4309 ampliore,
643 4219 725 4310 quod
738 4228 985 4292 hactenusetiam
999 4247 1117 4291 summa
1127 4227 1294 4307 cumlaude

151 4321 326 4400 prestitisti,
340 4339 420 4384 nunc
434 4327 597 4403 presertim
609 4345 678 4387 eum
689 4328 824 4406 graviore
842 4327 872 4387 in
891 4326 1062 4387 discrimine
1077 4343 1126 4385 res
1140 4319 1305 4390 versantur'

151 4417 300 4479 adessent
317 4419 405 4496 telis,
421 4427 452 4480 et
466 4436 588 4483 omnem
603 4422 671 4483 lidei
695 4442 730 4482 ac
748 4421 897 4502 religionis
919 4437 1040 4480 causam
1059 4421 1226 4500 patrocinio
1240 4429 1293 4485 tuo

152 4515 395 4595 ntcnmplectsre
415 4522 475 4576 ate
495 4533 687 4596 summopere
707 4524 738 4577 et
750 4517 881 4597 petimus
896 4522 924 4574 et
939 4514 1128 4579 confidimus.
1143 4517 1208 4579 lloc
1227 4538 1244 4578 a
1263 4511 1307 4577 te'
