3194 5354
218 470 267 518 tao
647 457 850 515 enlznlunlls
868 459 933 512 xlv

216 572 325 629 lmctor
342 567 477 628 Thomas
488 565 526 625 de
541 566 634 626 Paulo
648 566 776 625 Palaneo
791 564 820 623 in
836 564 945 624 eodem
954 565 1079 643 mllegio
1090 546 1233 645 magnam
1247 586 1376 631 morum

216 675 308 746 atquc
329 665 440 744 ingenii
455 665 499 726 sui
515 664 689 744 opinionem
700 662 862 742 relinquat,
875 661 1015 742 idemque
1029 663 1069 723 ad
1080 664 1247 744 petendum
1262 667 1294 727 in
1311 668 1372 728 Eo-

215 765 307 827 clesia
336 764 393 825 ieta
414 761 595 824 Malacitana
612 760 825 822 canonicatum
847 759 1023 820 lectoralem
1043 760 1140 821 istlruc
1165 780 1198 822 se
1215 763 1370 840 conterat,

215 860 406 923 Fratemitati
422 867 481 920 tuae
502 857 644 920 eumdem
669 875 851 936 magnopere
873 857 1087 919 commendare
1107 859 1271 922 voluimus.
1294 864 1370 925 Cum

214 959 317 1038 itaque
330 959 446 1038 optimo
456 1005 464 1035 ,
475 955 557 1037 quod
567 974 741 1036 speramus,
752 954 957 1035 experimento
973 955 1103 1016 scientiae
1121 974 1182 1017 sua
1196 955 1282 1020 lecto
1301 977 1371 1021 me-

213 1056 289 1117 ritus
303 1075 321 1117 a
336 1063 366 1116 te
386 1055 494 1131 luerit,
506 1062 541 1115 ut
553 1053 722 1133 patrocinio
738 1072 793 1113 suo
819 1053 923 1114 adesse
944 1052 985 1113 illi
1005 1053 1097 1129 velis,
1122 1053 1152 1115 id
1170 1074 1189 1115 a
1211 1063 1370 1138 teexpos-

214 1155 374 1229 cimus‚.ut
389 1150 522 1230 suffragii
537 1150 581 1212 tui
592 1151 800 1232 prerogativa,
814 1167 906 1230 quam
920 1150 1063 1213 doctrina
1076 1158 1167 1234 alque
1180 1154 1301 1233 ingenio
1315 1156 1369 1217 ho-

215 1250 305 1310 minis
329 1267 385 1330 pro
406 1248 547 1328 equitate
571 1253 624 1309 tua
644 1246 805 1325 tribueres,
824 1254 948 1328 propter
971 1249 1264 1312 commendationem
1288 1253 1367 1315 lianc

215 1353 354 1407 nostram
372 1346 514 1408 eumdem
533 1343 673 1405 libentius
686 1362 830 1419 exornes,
848 1352 878 1404 et
894 1362 1092 1424 quacumque
1112 1346 1192 1408 intra
1209 1346 1368 1428 aequi'jus-

215 1442 299 1522 tique
309 1444 384 1504 lines
397 1443 440 1505 illi
454 1440 599 1523 impertiri
609 1442 756 1521 potueris,
767 1449 870 1503 nostra
881 1443 972 1503 etiam
982 1461 1073 1504 causa
1087 1444 1202 1523 prolixe
1212 1446 1364 1508 conferas.

216 1543 286 1603 lieo
306 1541 399 1603 Nobis
420 1539 639 1619 jucundissima
659 1537 722 1600 lore
733 1540 922 1620 profitemur,
936 1558 1060 1620 quaeque
1081 1542 1191 1602 merito
1211 1560 1248 1604 ac
1261 1542 1364 1606 virtuti

215 1639 296 1700 illins
307 1639 445 1718 largiere,
456 1656 493 1698 ea
506 1638 567 1697 Nos
578 1643 734 1716 tamquam
755 1638 1008 1698 commendationi
1029 1648 1138 1699 nostre
1153 1639 1269 1700 tributa
1279 1648 1366 1720 puta-

214 1744 314 1814 turos,
337 1737 511 1814 nullamque
525 1734 620 1795 nostri
639 1742 798 1816 propterea
819 1735 872 1795 tibi
890 1736 968 1815 grati
989 1736 1079 1797 animi
1100 1737 1286 1817 significandi
1305 1758 1365 1821 op-

214 1834 432 1914 portunitatem
454 1832 625 1892 emissuros.
647 1832 770 1892 luterim
790 1832 821 1892 in
840 1833 1026 1894 uberrimum
1049 1834 1213 1896 Pontificiar
1229 1836 1366 1898 caritatis

107 1974 111 1981 ·
215 1931 323 2010 pignam
344 1930 540 2012 apostolicam
561 1929 801 1991 benedictionem
819 1931 886 2007 tibi,
900 1931 1086 1992 Venerabilis
1105 1933 1221 2007 Frater,
1243 1940 1364 2013 tumque

215 2029 285 2090 ndei
297 2029 458 2091 commisso
472 2029 585 2109 populo
602 2035 794 2107 peramanter
808 2029 1008 2109 impertimur.
1029 2030 1142 2089 Datum
1159 2031 1275 2105 Rana,
1286 2038 1364 2097 etc..

213 2129 263 2189 ilie
281 2141 316 2188 18
337 2129 447 2206 aprilis
468 2139 554 2203 tiri,
565 2130 762 2204 pontificatus
774 2131 869 2185 austri
880 2128 1112 2186 annosecundo.

695 2248 877 2258 ——m-——n—

703 2357 879 2426 cxxxlll.

464 2504 683 2560 urcpcrrssmo
696 2504 728 2545 ra
745 2506 874 2545 cuarsro
890 2504 977 2544 rimo
994 2505 1111 2545 nosrno

415 2611 592 2668 cellone
627 2610 829 2668 PRINCIPl
863 2610 1156 2669 ASTUlllAllUM

529 2728 763 2805 Cluilias
791 2731 917 2805 Para
946 2730 1051 2805 xlv,

927 2890 1012 2936 noma
1024 2887 1072 2946 ue,
1088 2891 1115 2936 u
1129 2887 1210 2948 apem
1228 2892 1296 2938 1771.

253 2996 467 3064 dilectissime,
481 3000 535 3051 ele.
552 2993 720 3053 llerertenti
736 2992 832 3054 isthuc
847 2993 1071 3074 eNeapolitaua
1082 2993 1361 3074 Legationedilecto

211 3092 273 3152 lilio
292 3092 435 3170 Magistro
455 3092 609 3172 rllphonso
627 3093 769 3154 Clementi
787 3093 824 3152 de
841 3093 999 3171 ,arostegui
1020 3091 1179 3172 Capeliano
1198 3100 1314 3169 nostro,
1330 3102 1360 3155 et

209 3208 371 3250 causarum
393 3190 497 3249 Palatii
521 3192 684 3270 apostolici
705 3191 860 3266 auditori,
878 3208 949 3251 cum
967 3192 1027 3252 Nos
1042 3193 1137 3251 Roma
1157 3192 1358 3270 pertransiens

208 3304 265 3364 pro
285 3304 339 3344 sua
358 3303 429 3362 erga
448 3286 653 3363 Apostolicam
671 3287 778 3348 Sedem
799 3288 989 3348 observantia
1011 3287 1165 3364 inviseret,
1180 3287 1359 3349 tradidimus

210 3381 323 3461 pictam
338 3382 437 3441 Beatae
452 3381 552 3441 Mariae
572 3381 699 3461 Virginis
720 3385 896 3463 imaginem,
915 3391 948 3445 ut
967 3385 1094 3445 eandem
1114 3385 1169 3445 tibi
1182 3392 1284 3446 nomm
1303 3404 1359 3447 no

209 3480 291 3541 mine
300 3479 440 3540 deterret.
452 3480 625 3558 Voluimus,
636 3491 670 3543 ut
679 3482 737 3545 hoc
749 3485 805 3545 etsi
817 3485 942 3562 exiguo,
953 3483 1004 3562 pio
1014 3492 1115 3544 tamen
1128 3502 1166 3544 ac
1177 3484 1215 3546 ad
1223 3482 1358 3547 divinum

209 3580 325 3641 cultum
338 3584 496 3658 spectante
513 3597 638 3641 munere
655 3599 745 3661 penes
757 3589 786 3642 te
800 3581 910 3643 trabere
925 3599 1029 3662 posses
1042 3583 1136 3643 nostri
1151 3602 1224 3663 erga
1240 3592 1271 3645 te
1294 3584 1361 3648 sin-

186 3675 319 3753 ‘gulan's
343 3676 472 3754 amoris,
490 3695 526 3738 ac
545 3679 661 3758 paterni
683 3679 773 3740 studii
795 3688 1043 3756 monumentum,
1058 3681 1308 3764 quotiescumque
1328 3685 1359 3746 in

209 3777 283 3837 illud
292 3779 468 3858 inspiceres,
482 3778 564 3858 quod
577 3787 607 3839 te
624 3797 680 3859 pro
693 3787 747 3839 tua
757 3778 870 3858 pietate
883 3777 1017 3858 quotidie
1030 3779 1182 3840 iacturum
1194 3797 1256 3843 non
1266 3779 1362 3843 dubi-

208 3881 324 3949 tamus,
336 3876 423 3936 toties
435 3875 634 3938 recordareris
645 3877 756 3952 nostri,
768 3877 819 3956 qui
835 3884 864 3937 te
876 3896 1016 3938 unacum
1029 3879 1186 3940 carissimo
1196 3879 1227 3940 in
1242 3878 1360 3941 Christo

208 3970 270 4033 salio
284 3979 389 4033 nostro
406 3974 512 4034 Carolo
528 3975 740 4054 Hispaniarum
755 3994 824 4055 rege
843 3975 996 4037 Catholico
1010 3985 1135 4057 parente
1148 3982 1218 4054 tuo,
1233 3982 1359 4060 totaque

208 4072 301 4152 Regia
315 4075 505 4133 llomotanta
516 4074 641 4136 caritate
652 4075 894 4154 complectimur,
905 4082 1018 4154 quanta
1029 4075 1127 4153 major
1137 4077 1361 4139 etcumulalior

207 4183 341 4230 essenon
352 4169 459 4251 possit.
473 4171 616 4231 Novimus
627 4188 698 4230 sane
710 4189 803 4250 quam
816 4173 957 4251 praeclara
966 4172 1058 4232 animi
1070 4172 1113 4233 tui
1125 4172 1232 4250 sitiam
1242 4171 1360 4253 abipsa

208 4260 298 4340 stirpe
312 4266 419 4335 ducta,
435 4286 471 4329 ac
484 4267 657 4329 domcaticis
671 4271 816 4350 exemplis
831 4271 927 4348 inagis
942 4274 1097 4353 magisque
1113 4272 1292 4334 confirmata
1309 4275 1361 4335 in-

208 4355 306 4425 doles.
324 4382 415 4440 quam
428 4366 535 4428 insitus
557 4367 723 4445 religionis,
736 4370 892 4448 omnisque
902 4371 1028 4432 -virtutis
1042 4373 1188 4449 colendae,
1205 4390 1241 4433 ac
1257 4372 1361 4434 solide

207 4461 416 4536 comparanda
429 4464 524 4524 laudis
535 4464 639 4540 ardor,
652 4466 731 4526 unde
743 4466 834 4526 Nobis
847 4466 884 4525 de
895 4474 924 4526 te
938 4469 1152 4547 cogitantibus,
1166 4469 1360 4550 patriumque
