3194 5354
502 525 728 581 DOCUMENTA
748 525 869 582 vante.
1042 568 1046 574 .
1206 531 1257 582 1153

114 631 243 694 oblinito
256 645 417 711 parumper
430 631 566 706 vulnere,
580 649 640 691 non
653 633 715 694 leve
725 632 820 692 dolori
833 651 887 692 suo
900 630 1037 693 solatium
1050 633 1192 706 accessit,
1207 633 1256 693 ubi

116 731 191 790 inte
208 728 409 808 virtutemque
427 733 510 788 tuam
531 729 635 789 oculos
649 735 777 809 paterne
794 748 854 789 sure
868 729 998 789 caritatis
1014 730 1139 798 inflexit,
1161 736 1191 789 et
1206 731 1256 790 ubi

115 827 189 886 dum
209 844 269 888 nox
285 826 449 905 precessit,
464 825 544 886 diem
558 845 593 884 ex
607 825 778 887 fortitudine
791 828 913 906 zeloque
932 833 984 887 tuo
1006 829 1257 909 appropinquasse

116 924 268 1004 proeuovit.

156 1023 357 1096 Quamobrem
372 1023 513 1082 Summus
532 1019 594 1101 ipse
615 1020 749 1083 Pontifex
764 1021 866 1082 fidenti
881 1022 968 1101 plane
986 1023 1086 1084 animo
1107 1025 1161 1086 has
1176 1025 1213 1087 ad
1229 1035 1257 1086 te

115 1119 178 1180 dari
198 1119 303 1200 jussit,
324 1117 433 1199 quibus
455 1118 594 1181 uirtutem
608 1116 764 1199 zelumque
785 1127 886 1196 tuum,
912 1118 1171 1183 vehementissimo
1193 1125 1257 1200 ejus

116 1214 214 1277 cordis
225 1214 334 1278 affectu
347 1214 499 1296 adprecari
517 1222 548 1277 et
559 1216 715 1278 obsecrare
726 1234 867 1297 pergam,
881 1223 914 1277 ut
926 1211 964 1278 ad
975 1217 1117 1280 tuendam
1132 1223 1258 1300 aposto

116 1313 179 1376 licre
197 1312 280 1375 Sedis
293 1311 518 1389 auctoritatem,
533 1315 774 1394 populorumque
788 1315 915 1376 salutern
934 1315 963 1375 in
978 1315 1100 1378 Dioecesi
1115 1318 1257 1391 Vratisla-

27 1411 31 1420 '
117 1410 208 1474 riensi
230 1409 439 1486 asserendam,
460 1403 651 1491 oblatamque
671 1410 709 1471 de
731 1430 763 1471 re
786 1410 948 1489 catholica,
973 1431 1008 1474 ac
1022 1415 1101 1474 Petri
1116 1415 1258 1476 cathedra

115 1507 327 1570 benemerendi
349 1502 603 1589 opportunitatem
628 1508 764 1570 alacriter
787 1509 986 1589 amplectaris.
1014 1513 1082 1590 lpsa
1109 1511 1257 1591 siquidem

115 1604 320 1686 propinquitas
335 1605 392 1666 loci
404 1604 537 1666 conferre
553 1605 680 1681 videtur,
694 1613 727 1666 ut
741 1605 862 1667 indutus
876 1605 1048 1668 fortitudine
1064 1614 1131 1683 tua,
1146 1610 1257 1670 armis-

114 1722 173 1784 que
185 1705 258 1766 lucis
266 1704 416 1766 deteriora
434 1703 588 1779 destruas,
610 1723 676 1784 quae
693 1702 862 1765 diffidentie
877 1704 928 1764 frlii
940 1706 1104 1767 moliuntur
1118 1707 1255 1783 consilia,
1297 1734 1303 1751 ·

115 1809 145 1887 et
156 1801 283 1864 reducas
295 1820 403 1882 aspera
417 1801 446 1862 in
464 1802 542 1862 viam
556 1803 691 1883 planam.

154 1900 253 1961 Habes
268 1900 297 1961 in
312 1900 436 1986 collegio
448 1902 583 1963 Glacensi
598 1901 761 1963 Borussicae
770 1900 889 1962 ditionis
899 1901 1122 1980 priuvincialem
1132 1903 1255 1969 Silesia.

116 1996 296 2078 extinctique
310 1996 422 2058 ordinis
434 1998 580 2075 seniores,
595 2017 672 2079 quos
684 1998 793 2061 doceas
806 2016 867 2078 qua
880 1997 959 2077 lege,
974 2017 1070 2078 quave
1084 1999 1180 2069 forma
1192 1998 1255 2060 illo

115 2112 183 2156 rum
195 2113 275 2156 nunc
285 2112 408 2175 operam
421 2095 451 2155 S.
468 2096 562 2156 Mater
571 2096 704 2158 Ecclesia
712 2096 848 2176 requirit,
858 2103 889 2157 et
897 2114 959 2175 quo
971 2081 1109 2174 Regentis
1120 2095 1257 2156 voluntas

113 2191 248 2266 duxerit,
266 2192 336 2254 illuc
350 2193 583 2273 obsequentibus
604 2196 712 2256 mentis
732 2193 882 2273 gressibus
904 2191 1130 2255 ambulandum.
1153 2191 1255 2252 Habes

115 2289 221 2351 itidem
238 2309 292 2352 cur
304 2290 492 2353 commodius
506 2291 636 2353 rationes
651 2301 681 2353 et
695 2290 794 2353 media
808 2291 881 2353 inire
895 2291 1009 2372 possis,
1024 2309 1091 2370 quae
1105 2288 1143 2350 ad
1158 2296 1257 2370 epos-⁴

115 2388 210 2450 tolice
231 2390 333 2452 Brevis
343 2390 566 2466 executionem,
580 2389 795 2469 delendamque
811 2389 868 2450 illio
882 2387 1064 2450 Jesuitarum
1084 2385 1256 2448 societatem

114 2504 170 2566 pro
190 2486 330 2567 singulari
353 2487 510 2569 prudentia
535 2496 587 2550 tua
610 2489 703 2568 magis
726 2487 877 2569 putareris
898 2487 1048 2567 expedire.
1067 2488 1128 2564 Age
1144 2485 1255 2565 itaque,

115 2583 224 2660 decus,
236 2591 325 2665 atque
336 2593 546 2648 ornamentum
557 2587 658 2667 gratie
672 2586 823 2669 spiritalis,
834 2604 888 2666 age
901 2583 1040 2646 illustrior
1052 2583 1150 2664 portio
1161 2584 1258 2664 gregis

116 2681 224 2744 Christi
243 2683 280 2744 ad
295 2703 417 2763 gravem
427 2684 505 2747 banc
515 2703 638 2748 causam
648 2685 841 2766 invictaque
852 2684 949 2761 solos,
962 2682 1131 2746 constantia
1142 2701 1258 2763 propu-
1359 2693 1361 2697 ’

115 2779 266 2858 guardam
281 2800 420 2858 accurre,
433 2789 464 2844 et
477 2802 555 2845 novo
571 2783 642 2846 huic
655 2784 756 2861 oneri,
773 2784 811 2845 ad
825 2779 906 2863 quod
918 2783 1036 2844 vocavit
1051 2788 1081 2843 te
1096 2781 1256 2853 Dominus,

114 2876 257 2937 humeros
270 2885 461 2957 mentemque
475 2879 627 2940 submitte.
652 2879 773 2939 Interim
788 2897 858 2939 vero
873 2896 996 2939 sussum
1020 2878 1132 2938 habeas
1147 2871 1252 2951 velim,

115 2992 152 3034 eo
164 2974 310 3051 majorem
326 2974 439 3035 nomini
453 2982 506 3036 tuo
519 2975 661 3053 gloriam,
678 2979 709 3034 et
719 2972 799 3053 apud
814 2976 908 3034 Deum
922 2981 952 3032 et
966 2964 1102 3032 homiues
1116 2971 1256 3031 meritum

115 3088 321 3146 accessurum,
342 3089 404 3151 quo
424 3070 584 3152 ampliores
603 3071 812 3150 gravioresque
836 3066 936 3129 eximii
952 3063 995 3128 tui
1014 3086 1067 3146 pro
1090 3057 1257 3127 orthodoxa

116 3167 257 3248 religione
267 3187 302 3230 ac
311 3167 464 3248 pontificia
474 3167 651 3230 auctoritate
661 3167 713 3229 zeli
728 3166 958 3245 significationes
968 3164 1106 3226 edideris.
1121 3166 1258 3243 Dumque
1368 3167 1377 3184 ·

116 3266 182 3327 lraee
195 3267 297 3328 omnia
311 3267 348 3328 de
368 3266 475 3326 virtute
493 3271 524 3327 et
536 3264 647 3345 pietate
667 3270 720 3325 tua
731 3265 874 3324 Summus
886 3263 948 3343 ipse
960 3262 1096 3324 Pontifex
1111 3263 1258 3325 tutissime

117 3362 284 3444 pollicetur,
299 3364 430 3426 divinam
450 3362 577 3425 assiduis
589 3362 728 3443 precibus
739 3361 931 3440 clementiam
943 3360 1095 3436 exorabit,
1118 3368 1151 3422 ut
1163 3379 1259 3423 cona*

116 3463 196 3526 tibus
210 3463 399 3543 consiliisque
410 3462 469 3524 tuis
478 3462 588 3541 jugiter
600 3461 702 3523 adesse
714 3459 867 3539 dignetur,
876 3459 1018 3540 quodque
1027 3458 1100 3520 mihi
1111 3466 1257 3538 superest,
1348 3537 1351 3542 Δ

115 3559 289 3623 diuturnam
307 3579 342 3622 ac
362 3578 464 3621 veram
478 3559 531 3620 tibi
546 3558 736 3634 felicitatem,
750 3557 788 3618 ab
809 3558 874 3634 ejus
887 3557 1026 3636 largitore
1041 3557 1169 3618 Domino
1182 3574 1259 3618 nasa

119 3672 210 3733 quam
221 3656 355 3719 desinam
365 3654 519 3735 adprecor.

76 3774 80 3781 ’
197 3778 411 3843 Dominationis
423 3786 480 3842 tuac
495 3777 699 3841 illustrissime
712 3795 748 3837 ac
757 3775 999 3837 Reveredissimae

571 3911 810 3974 studiosissimus
823 3911 865 3972 uti
877 3914 979 3972 Frater

751 4037 1170 4097 n..Caau1nrnrscossruos,

752 4144 783 4197 V.
794 4142 1011 4208 Mscsuomus,
1023 4141 1205 4195 secretarios.

599 4351 782 4368 ψ
