3194 5354
396 510 576 565 EPlSTOLAE
595 513 639 565 ET
659 513 789 566 uuuvtt
807 510 1038 568 setect'tout.
1237 521 1284 570 261

147 613 289 678 indirecte
312 615 442 674 revelare
462 615 595 691 valeant,
612 622 663 676 aut
680 624 870 696 presumant.
888 618 1051 692 Praeterea,
1078 624 1191 681 attenta
1204 620 1289 682 dicta

147 710 304 772 Societatis
312 711 522 792 suppressione
533 758 541 787 ‚
553 719 584 773 et
593 713 774 774 extinctione
784 759 792 790 ,
804 729 925 788 omnes,
940 719 970 773 et
981 732 1185 794 quascumque
1197 715 1289 779 lacul-

147 816 241 883 tates‚
254 807 492 886 jurisdictiones,
508 808 661 889 privilegia
674 816 704 870 et
720 809 914 872 auctoritates
922 828 1181 891 quorumcumque
1191 813 1290 874 Colle-

146 905 274 982 giorum,
289 907 473 981 Domorum,
497 906 696 967 Ecclesiarum
709 953 716 981 ,
730 913 759 966 et
773 906 1007 967 Seminariorum
1020 953 1027 981 ,
1040 927 1074 967 ac
1092 911 1289 971 Personarum

147 1002 239 1082 ipsius
251 1003 293 1063 sic
310 1003 447 1065 extinctae
462 1003 618 1065 Societatis
638 1005 878 1084 protectoribus,
899 1005 1022 1084 aliisque
1037 1005 1127 1066 etiam
1149 1008 1179 1067 S.
1200 1008 1236 1068 u.
1252 1010 1286 1067 E.

146 1099 368 1176 Cardinalibus,
388 1107 418 1162 et
432 1118 541 1179 magno
550 1119 669 1181 quoque
680 1100 898 1163 Poenitentiario
912 1120 1002 1182 super
1016 1102 1290 1183 eisquomodolibet

148 1214 324 1273 concessas,
338 1196 485 1273 indultas,
500 1204 530 1257 et
550 1198 725 1275 attributas,
747 1206 851 1274 motu,
873 1197 1014 1274 scientia,
1036 1206 1066 1259 et
1078 1198 1290 1261 deliberatione

150 1293 297 1357 similibus
317 1310 476 1375 suspensas
501 1311 556 1375 pro
578 1312 659 1356 nunc
680 1294 888 1370 decernimus,
913 1301 945 1355 et
965 1294 1176 1371 declaramus,
1199 1302 1289 1393 atque

148 1390 356 1451 omnimodam
367 1389 625 1468 jurisdictionem,
639 1391 864 1462 auctoritatem,
875 1397 907 1456 et
919 1397 1098 1471 potestatem
1109 1392 1138 1451 in
1152 1392 1186 1452 iis
1195 1394 1291 1454 omni-

150 1489 205 1549 bus
219 1509 284 1569 quo
302 1491 517 1571 quoquomodo
535 1509 694 1571 personas,
706 1488 868 1564 Ecclesiae,
880 1491 992 1551 Domus
1004 1535 1012 1565 ,
1025 1490 1166 1569 Collegia,
1180 1509 1245 1567 res,
1260 1498 1290 1552 et
1347 1538 1351 1544 .

149 1588 228 1650 bona
238 1589 323 1650 dicta
335 1590 399 1668 jam
413 1590 550 1657 extinctae
571 1588 727 1655 Societatis
736 1587 910 1669 respiciunt,
919 1588 1064 1668 privative
1076 1589 1177 1668 quoad
1187 1591 1289 1652 omnia

150 1685 207 1746 alia
228 1686 406 1763 tribunalia,
426 1687 517 1748 etiam
537 1703 797 1765 quarumcumque
821 1685 1088 1764 congregationum
1113 1686 1289 1748 eorumdem

147 1783 178 1841 S.
192 1784 227 1842 lt.
241 1782 275 1842 Ess
288 1783 489 1843 Cardinalium
499 1789 562 1843 tam
573 1782 694 1842 Consilii
709 1781 873 1843 Tridentini
886 1782 1091 1862 interpretum,
1104 1801 1196 1862 quam
1209 1785 1290 1844 Con-

149 1879 358 1941 sultationibus
379 1879 599 1959 Episcoporum
620 1886 650 1938 et
666 1878 875 1957 Regularium,
896 1896 934 1939 ac·
949 1879 1076 1958 negotiis
1091 1881 1289 1961 propaganda

127 1990 130 1997 ⁴
150 1977 217 2038 lldei
231 2023 238 2053 ,
252 1996 288 2038 ao
314 1976 477 2057 discipline
490 1978 618 2056 regulari
638 1977 862 2057 prepositorum
870 2022 878 2054 ,
894 1977 1011 2039 sublata
1032 1978 1074 2038 eis
1088 1979 1192 2058 quavis
1206 1979 1290 2040 aliter

147 2073 320 2152 judicandi,
336 2080 367 2134 et
387 2073 602 2154 interpretandi
617 2072 776 2151 facultate,
792 2080 882 2153 atque
896 2073 1093 2150 auctoritate,
1109 2074 1146 2135 ad
1163 2074 1290 2136 eandem

149 2169 414 2249 congregationem
434 2188 490 2250 per
516 2177 673 2250 presentes
693 2171 888 2232 constitutam
907 2176 1070 2252 spectare»,
1094 2177 1125 2231 et
1142 2172 1290 2251 pertinere

146 2267 321 2342 statuimus,
334 2275 365 2329 et
376 2269 527 2345 jubemus.
543 2270 684 2331 Volentes
701 2270 840 2349 insuper,
856 2276 888 2329 ut
905 2267 1067 2329 addictam
1080 2269 1290 2331 tantummodo

148 2363 411 2442 congregationem
433 2384 450 2426 a
468 2366 575 2444 Nobis,
596 2375 629 2428 ut
647 2366 814 2447 praefertur,
836 2372 985 2442 erectam,
1010 2364 1156 2446 privative
1178 2365 1290 2446 pariter

148 2458 249 2538 quoad
265 2459 340 2521 alios
355 2478 579 2542 quoscumque,
592 2471 623 2524 et
633 2481 828 2543 quacumque
842 2462 900 2523 alia
917 2460 1078 2522 tribunalia
1089 2468 1206 2541 spectet
1216 2480 1291 2542 quo

147 2577 223 2638 que,
245 2564 275 2619 et
295 2560 444 2639 pertineat
463 2579 525 2623 non
553 2562 651 2623 solum
679 2560 835 2642 providere
847 2606 856 2637 ‚
882 2559 943 2621 sire
963 2577 1030 2639 quae
1055 2558 1290 2622 Poeuiteutiarios

148 2657 280 2720 Basilice
291 2658 433 2740 principis
441 2660 656 2741 Apostolorum
668 2661 705 2721 de
717 2660 807 2737 urbe,
822 2659 883 2721 sive
893 2657 1041 2739 quaealios
1053 2657 1289 2738 poenitentiarios

148 2755 374 2816 Alme-Domus
388 2758 562 2819 Lauretanae
579 2758 763 2839 respiciunt,
785 2757 838 2820 sed
859 2758 952 2819 etiam
970 2757 1230 2833 virosdoctrina,
1254 2776 1289 2820 ao

148 2849 258 2930 pietate
275 2850 414 2930 proditos
426 2897 434 2929 ,
447 2852 477 2914 in
497 2855 685 2932 superiores,
700 2856 847 2929 lectores,
859 2872 912 2915 seu
927 2854 1091 2932 magistros
1106 2852 1287 2929 domorum,

145 2949 357 3027 collegiorum,
383 2958 413 3010 et
442 2950 670 3012 seminariorum
695 2949 869 3030 hujusmodi
885 2983 887 2986 ⁴
904 2949 1030 3027 eligere,
1064 2966 1100 3008 ac
1130 2947 1286 3027 deputare.

147 3047 345 3110 Decernentes
367 3044 488 3113 easdem
506 3053 664 3125 presentes
683 3046 786 3108 literas
807 3046 928 3120 minas,
950 3044 1081 3119 validas,
1101 3051 1131 3105 et
1152 3045 1290 3107 efficaces

145 3143 289 3219 existere,
313 3142 443 3218 etlore,
463 3160 593 3222 suosque
612 3142 778 3223 plenarios,
794 3148 826 3204 et
845 3142 977 3220 integros
991 3139 1116 3202 allectus
1137 3141 1236 3203 sortiri
1257 3149 1288 3203 et

146 3243 300 3320 obtinere,
319 3261 355 3304 ac
376 3241 451 3318 illis,
476 3241 514 3306 ad
532 3260 609 3322 quos
622 3244 740 3322 spectet
757 3246 788 3303 et
807 3257 863 3319 pro
880 3243 1017 3320 tempore
1035 3238 1288 3320 quandocumque

145 3341 291 3421 spectabit
306 3341 337 3403 in
351 3340 510 3415 omnibus,
524 3346 555 3402 et
572 3357 626 3420 per
637 3356 741 3400 omma
757 3335 929 3418 plenissime
947 3334 1123 3414 suflragari,
1139 3355 1174 3397 ac
1189 3337 1227 3397 ab
1243 3337 1288 3398 eis

145 3440 311 3520 respective
321 3437 529 3501 inviolabiliter
540 3434 709 3511 obseruari,
725 3433 827 3514 sicque
838 3432 869 3493 in
881 3432 1040 3513 promissis
1053 3451 1106 3513 per
1122 3452 1289 3513 quoscum-

144 3555 203 3614 que
216 3537 334 3614 iudioes
346 3534 513 3597 ordinarios
524 3579 533 3611 ,
543 3541 573 3596 et
587 3533 754 3612 delegatos,
769 3530 861 3593 etiam
873 3549 1034 3594 causarum
1044 3533 1147 3612 palatii
1162 3540 1287 3613 aposto*-

146 3632 192 3693 lici
208 3632 371 3696 auditores.
388 3635 433 3694 Ao
457 3630 590 3710 ejusdem
607 3632 638 3692 S.
660 3632 695 3691 lt.
720 3632 755 3696 E.
771 3629 942 3692 cardinales
961 3630 1104 3710 judicari,
1126 3637 1157 3691 et
1170 3630 1287 3692 deliniri
1350 3711 1356 3721 Ι

144 3728 268 3804 debere,
284 3749 319 3791 ac
339 3730 456 3793 irritum
471 3774 479 3806 ,
496 3737 526 3790 et
542 3728 647 3804 inane,
670 3727 694 3789 si
707 3745 792 3789 secus
814 3726 964 3809 superbis
979 3748 997 3789 a
1012 3725 1288 3808 quoquamquavis

145 3826 320 3888 arrotoritate
337 3828 475 3904 scienter,
488 3827 534 3887 vel
546 3826 717 3906 ignoranter
730 3825 888 3905 contigerit
908 3826 1047 3888 attentari
1064 3851 1071 3887 :
1090 3845 1151 3887 non
1163 3827 1285 3888 obstan-

145 3924 224 3985 tibus
247 3927 508 3989 constitutionibus
520 3972 528 4004 ,
542 3932 573 3988 et
582 3924 820 3990 ordinationibus
831 3924 1020 4005 apostolicis,
1034 3942 1149 3986 necnon
1164 3924 1287 4005 quibus-

145 4024 202 4099 vis,
216 4024 308 4084 etiam
316 4026 505 4102 iuramento,
518 4024 746 4087 confirmatione
757 4023 948 4105 Apostolos,
960 4030 1013 4085 aut
1024 4024 1130 4104 quavis
1144 4022 1286 4083 firmitate

146 4120 203 4179 alia
215 4119 363 4181 roboratis
374 4122 517 4198 statutis,
527 4119 833 4183 otoonsuetudinibus
845 4165 853 4197 ,
867 4119 1027 4200 privilegiis
1040 4137 1176 4199 quoque,
1191 4115 1295 4175 indul»

147 4216 199 4290 tis,
217 4218 262 4276 vel
283 4215 376 4276 literis
388 4217 558 4295 apostolicis
570 4218 601 4278 in
615 4216 800 4279 contrarium
824 4215 1045 4297 promissorum
1058 4211 1286 4294 quomodolibet

145 4312 304 4387 concessis,
323 4312 524 4389 confirmatis,
545 4334 580 4376 ac
598 4314 761 4388 innovatis3
781 4314 889 4393 quibus
911 4313 1067 4381 omnibus,
1090 4317 1120 4370 et
1144 4310 1283 4389 singulis,

37 4462 39 4467 .
149 4408 267 4467 illorrmr
279 4416 399 4469 tenores
422 4410 614 4487 presentibus
628 4430 683 4490 pro
697 4412 808 4489 plene,
824 4417 854 4470 et
872 4409 1053 4470 sufficienter
1068 4406 1231 4487 expressis,
1248 4427 1283 4468 ac

148 4508 264 4570 imerus
277 4507 440 4582 babentes,
454 4508 491 4568 ad
507 4508 728 4587 promissorum
745 4506 887 4568 ellectum
903 4504 1081 4584 specialiter,
1095 4511 1126 4592 et
1141 4509 1282 4586 'expresse
