3194 5354
375 459 554 517 EPlSTOLAE
573 461 618 517 ET
636 459 768 516 nnnvn
789 454 1020 514 snnncnona.
1221 463 1270 511 nn

87 638 89 642 μ
124 574 245 648 gratum
267 565 320 627 tihi
342 573 558 647 acceptumque
572 566 656 627 illurn
671 583 735 627 esse
754 564 920 625 videamus.
941 563 1003 624 Etsi
1019 561 1113 642 igitur
1132 564 1271 642 propensi

126 665 318 727 vehementer
338 664 432 726 simus
454 663 492 725 ad
513 663 598 725 illum
621 663 729 725 merito
746 660 900 723 beneflciis
916 659 1026 721 nosuis
1047 659 1271 736 exornandum,

126 762 223 824 multo
235 761 338 823 umen
349 769 402 823 tua
413 760 676 823 commendatione
684 758 895 841 propensiores
907 757 1067 833 efficimur,
1080 775 1116 818 ac
1126 756 1272 837 quidquid

126 859 158 920 in
173 860 273 941 ipsum
287 859 457 920 ornamenti
470 859 607 920 collaturi
618 857 730 921 erimus
740 904 748 935 ,
759 857 817 919 ida
830 857 923 920 Nobis
932 856 1128 919 libentissime
1135 857 1272 944 prestari

127 974 182 1036 pro
193 962 246 1018 tuo
257 954 429 1034 hujusmodi
447 954 749 1017 honorificentissimo
759 972 831 1032 erga
843 973 914 1016 eum
928 953 1028 1016 studio
1042 970 1165 1035 operam
1184 953 1273 1014 dabi-

127 1073 212 1134 mus,
234 1064 267 1118 ut
287 1063 465 1136 cognoscat,
481 1075 516 1118 ac
536 1054 683 1134 hiajestati
694 1056 764 1116 Tua
776 1054 888 1134 gratias
907 1052 1027 1115 referat.
1041 1055 1085 1114 Ac
1099 1053 1128 1114 in
1143 1059 1272 1130 paterna

128 1153 285 1238 singularis
305 1154 439 1218 caritatis
461 1161 671 1235 argumentum
691 1153 893 1237 apostolicam
903 1150 1161 1228 benedictionem,
1176 1149 1272 1211 caris-
1365 1152 1374 1167 “

125 1255 202 1316 sime
213 1255 244 1315 in
258 1255 374 1317 Christo
386 1255 426 1316 iili
438 1260 551 1330 noster,
568 1251 621 1314 tibi
634 1249 837 1312 amantissime
856 1249 1055 1331 impertimur.
1080 1249 1194 1311 Datum
1210 1248 1272 1308 no-

127 1369 201 1421 me,
221 1359 292 1421 etc,
309 1354 358 1412 die
374 1365 411 1414 au
425 1352 597 1431 septembris
613 1359 704 1424 rtto,
717 1351 913 1426 pontrfiectas
931 1352 1026 1408 nostrl
1039 1365 1118 1408 anno
1131 1347 1268 1407 amando.

610 1470 784 1480 -—-=-—-—

651 1570 734 1641 Clll.

536 1727 728 1771 veneramur
750 1726 860 1768 raarar

164 1913 166 1918 7
255 1835 405 1894 CAROLO
426 1830 598 1894 ANTONIO
618 1833 919 1896 nncfflnnlscono
941 1834 1135 1897 nnmlnnst

379 2056 382 2065 .
438 1956 669 2036 otrannus
697 1958 824 2036 risen
852 1959 957 2034 xvv

829 2103 925 2158 itonam¹
937 2106 966 2148 26
980 2099 1122 2162 septembris
1135 2105 1203 2151 1770.

170 2204 367 2274 Venerabilis,
380 2212 436 2266 ete.
450 2207 638 2269 iustissimus
646 2217 691 2270 est
700 2208 785 2270 dolor
793 2215 874 2285 tuus,
884 2207 1069 2268 Venerabilis
1079 2209 1194 2284 Frater,
1205 2211 1267 2289 pla—

126 2321 223 2383 neque
235 2305 382 2366 eonsentit
394 2323 464 2367 curn
478 2315 597 2385 nostro,
612 2326 674 2388 quo
683 2307 799 2386 jamdiu
816 2305 965 2367 afficimur
982 2304 1021 2365 ob
1039 2323 1147 2385 pravas
1159 2324 1195 2366 ac
1207 2308 1267 2368 im-

123 2400 204 2479 pias,
217 2419 282 2481 qua
293 2402 451 2482 vulgantur
462 2404 492 2466 in
505 2404 585 2482 dies,
598 2406 768 2487 opiniones,
780 2405 889 2486 quihus
900 2403 932 2468 ei
944 2405 1110 2485 religionis,
1125 2413 1155 2466 et
1168 2405 1267 2486 reipu-

124 2501 217 2579 hilca,
228 2508 259 2563 et
267 2503 364 2566 omnis
372 2522 495 2586 prorsus
502 2504 898 2568 humanitatisinndamenta
906 2503 1126 2566 convelluntur.
1136 2503 1265 2564 Proinde

123 2615 159 2658 ex
178 2619 239 2680 quo
259 2601 296 2661 ed
309 2601 389 2663 hanc
402 2600 481 2664 beati
499 2604 578 2664 Petri
597 2601 772 2666 cathedram
784 2599 1029 2676 conscendimus,
1050 2598 1122 2660 illud
1135 2598 1272 2688 maxime,

123 2716 240 2779 semper
258 2701 444 2779 curavimus,
464 2709 499 2763 ut
520 2708 583 2764 tarn
602 2700 763 2763 monstrosi
777 2718 813 2760 ec
830 2698 966 2761 venenati
981 2695 1265 2759 absurdissimomnr

100 2845 103 2850 .
123 2793 308 2873 ingeniorum
320 2804 424 2878 partus
440 2803 612 2860 nostrarum
632 2796 885 2878 proscriptionum
899 2794 1077 2857 auctoritate
1089 2803 1142 2854 aut
1155 2794 1266 2873 pralo-

122 2899 262 2953 carentur
280 2895 392 2971 statim,
405 2902 457 2956 aut
472 2896 578 2957 saitem
588 2913 606 2957 e
618 2895 756 2956 manibus
766 2894 923 2955 hominum
935 2899 1052 2954 extorta
1063 2893 1162 2953 minus
1172 2893 1266 2953 olien-

123 2989 230 3064 sionis‚
245 3009 281 3052 ec
293 2991 463 3054 detrimenti
477 2999 627 3074 parerent.
640 2993 686 3054 nd
702 3011 794 3072 quarn
807 2994 1012 3072 gravissimam
1025 2993 1188 3054 Nobiscum
1203 3013 1265 3055 sus-

122 3087 292 3167 cipiendam
318 3107 423 3151 curam
447 3097 563 3151 ceteros
582 3090 672 3151 etiam
699 3090 826 3150 universi
854 3090 935 3152 orbis
953 3087 1117 3170 Episcopos
1138 3091 1265 3170 epistola

121 3187 274 3267 encyclica
298 3188 336 3251 ad
361 3189 482 3251 eosdem
511 3189 559 3251 die
577 3205 625 3250 xn
645 3188 811 3249 decembris
832 3207 994 3250 unccnxrx
1022 3189 1093 3250 data
1110 3188 1265 3269 diligenter

121 3283 327 3347 excitavimus.
343 3287 418 3346 Cum
432 3304 503 3347 vero
511 3284 660 3366 perlatum
671 3284 709 3346 ad
720 3285 781 3345 Nos
791 3293 870 3346 esset
881 3284 920 3346 de
929 3284 1076 3346 habendis
1087 3285 1162 3346 Cleri
1174 3286 1262 3348 vestri

120 3379 256 3458 gallicani
271 3382 416 3459 comitiis,
431 3382 461 3442 in
477 3383 587 3462 quihus
597 3389 713 3443 certum
727 3381 819 3442 Nobis
832 3388 895 3442 erat
905 3399 961 3462 pro
972 3388 1075 3443 nostra
1089 3382 1220 3462 plurima
1233 3391 1264 3444 et

121 3473 261 3538 doctrina
281 3485 400 3549 vestra,
422 3486 452 3540 et
468 3478 646 3560 episcopalis
661 3477 816 3558 vigilantia
836 3476 1055 3541 existimatione
1077 3497 1131 3540 vos
1148 3479 1264 3540 esseda

121 3575 287 3636 avertendis
312 3575 458 3655 ejusmodi
475 3576 561 3637 malis
584 3576 614 3636 in
637 3575 770 3636 medium
798 3575 1019 3637 accuratissime
1044 3576 1264 3638 consultaturos

122 3668 310 3734 vehementer
328 3673 511 3749 exarsimus,
534 3679 567 3734 ut
586 3679 756 3754 opportuna
772 3673 856 3734 vobis
876 3673 1020 3735 carissimi
1035 3674 1065 3734 in
1079 3673 1196 3734 Christo
1211 3674 1262 3735 filii

121 3770 213 3831 nostri
227 3770 368 3834 Ludovici
381 3774 564 3833 Francorum
577 3772 654 3852 regis
674 3771 927 3849 christianissimi,
943 3773 1029 3850 cujus
1042 3773 1072 3834 in
1089 3773 1262 3852 religionem

121 3867 239 3930 animus
249 3870 339 3932 Nobis
351 3878 416 3932 erat
427 3869 701 3950 perspectissimus,
717 3867 851 3949 presidia
865 3887 1050 3949 pararemus.
1064 3870 1111 3932 hd
1123 3872 1262 3933 eumdem

121 3962 211 4040 igitur
221 3971 294 4027 tunc
304 3967 417 4028 litteras
435 3965 589 4042 dedimus,
604 3966 712 4046 quihus
723 3972 836 4046 quanta
849 3966 980 4028 maxima
998 3968 1151 4048 potuimus
1171 3988 1263 4050 apos-

119 4059 199 4121 tolici
215 4063 305 4124 animi
324 4063 368 4140 vi,
382 4082 417 4124 ac
431 4063 637 4125 obsecratione
649 4063 688 4124 ab
702 4081 738 4125 eo
751 4063 975 4140 contendimus,
989 4071 1022 4126 ut
1033 4085 1087 4128 vos
1099 4066 1260 4144 religionis,

121 4158 230 4238 licique
237 4179 361 4223 causam
371 4167 589 4242 pertractantes
599 4159 906 4223 commendatissimos
918 4163 972 4223 sibi
982 4181 1046 4224 osse
1058 4164 1157 4239 vellet,
1167 4165 1262 4242 regia-

119 4271 178 4330 que
192 4256 345 4319 voluntate
360 4276 415 4319 sua
435 4258 563 4337 ineoepta
576 4264 607 4319 et
626 4257 749 4319 consilia
768 4264 866 4319 vestra
880 4265 1059 4319 sustentaret
1079 4275 1114 4316 ae
1132 4256 1258 4319 fulciret.

119 4353 221 4413 Laetali
238 4353 360 4433 quidem
371 4373 562 4436 summopere
576 4363 680 4434 postea
692 4373 796 4416 sumus
810 4355 907 4435 ipsum
923 4353 1198 4416 christianissimum
1211 4375 1261 4417 re-

118 4452 363 4535 gem,eisun1in
378 4456 471 4516 Deum
483 4453 569 4528 fidei,
590 4461 620 4514 et
634 4459 741 4514 nostra
758 4454 796 4514 de
810 4454 875 4532 ipso
889 4452 1088 4532 expectationi
1104 4456 1258 4535 praeclare,

1137 4567 1154 4614 8
