3194 5354
222 496 257 546 (18
647 484 853 543 alienantis
871 487 936 540 xlv

223 604 255 656 ut
269 592 456 656 incredibiles
470 591 622 653 extiterint
642 591 671 652 in
688 591 789 653 diuino
810 591 976 662 exercendo
991 590 1088 667 cultu,
1107 591 1138 652 iu
1152 589 1288 655 curanda
1303 594 1375 656 ani·

221 711 341 756 marum
356 693 574 768 incolumitate,
588 691 665 753 acin
676 690 845 769 omnigenis
856 689 976 771 pietatis
990 695 1021 752 et
1036 689 1186 770 religionis
1196 692 1375 756 muneribus

221 791 398 872 peragendis
410 790 652 872 opportunitates
661 808 697 850 ac
710 789 837 851 fruetus.
851 789 926 849 Cum
937 793 1000 849 tam
1011 787 1088 848 bene
1097 786 1187 867 igitur
1197 787 1374 870 utiliterque

221 897 274 952 tua
289 889 413 951 cesserit
425 888 585 970 pastoralis
598 887 629 949 in
642 904 679 948 eo
690 887 790 968 posita
804 884 990 961 sollicitudo,
1004 884 1162 945 hortamur
1177 891 1223 962 te,
1234 886 1374 947 Venera-

221 986 289 1048 bilis
308 989 424 1064 Frater,
445 985 559 1066 tibique
576 985 632 1047 etsi
654 992 762 1065 sponte
783 982 924 1060 incitato,
941 990 1042 1044 tamen
1057 981 1183 1043 a·Nobis
1198 981 1291 1044 etium
1313 983 1374 1044 sti-

219 1075 319 1145 mulos
331 1080 468 1144 addimus
482 1100 605 1144 omnem
618 1080 672 1143 des
683 1099 826 1162 operam,
844 1086 1009 1163 nigratum
1020 1086 1051 1142 te
1065 1079 1122 1140 sibi
1135 1096 1201 1140 esse
1216 1096 1273 1160 pro
1284 1086 1373 1142 tanto

220 1182 364 1245 beneficio
379 1182 521 1262 Princeps
534 1181 583 1242 ille
595 1180 719 1258 sentiat,
741 1187 852 1260 tuaque
868 1179 900 1240 in
913 1195 983 1240 eum
995 1178 1038 1239 ita
1056 1178 1191 1239 cumules
1206 1177 1324 1255 officia,
1336 1186 1372 1240 ut

219 1280 367 1359 majorem
379 1297 496 1360 semper
510 1280 541 1340 in
553 1286 584 1340 te
602 1286 730 1359 tuosque
742 1278 877 1356 ejusdem
887 1276 1113 1356 benignitatem,
1125 1275 1208 1357 quod
1215 1277 1373 1340 catholicae

219 1378 370 1457 religionis
380 1377 579 1439 incolumitati
592 1394 628 1439 ac
642 1377 827 1439 incremento
836 1377 972 1439 loturum
984 1375 1039 1453 sit,
1050 1375 1182 1438 excitare
1193 1392 1230 1438 ao
1241 1375 1371 1456 experiri

219 1477 326 1556 possis.
344 1475 377 1537 ld
386 1476 589 1556 gratissimum
603 1475 829 1553 Nohisieoeris,
842 1494 878 1537 ae
889 1474 1119 1556 amplificaveris
1130 1490 1218 1552 eam,
1229 1491 1291 1554 qua
1300 1490 1371 1554 erga

219 1585 251 1637 te
264 1594 320 1657 pro
333 1576 393 1638 tuis
405 1575 520 1637 meritis
532 1592 647 1653 sumus,
658 1574 911 1637 existimationem
924 1581 954 1636 et
967 1574 1107 1655 gratiam,
1121 1573 1153 1634 in
1164 1573 1251 1652 cujus
1261 1573 1373 1654 pignus

220 1672 418 1753 apostolicam
428 1673 669 1736 benedictionem
681 1673 746 1746 tibi,
756 1673 941 1734 Venerabilis
953 1674 1067 1750 Frater,
1081 1680 1199 1754 tueque
1209 1671 1278 1734 fidei
1286 1689 1373 1734 eom-

219 1771 313 1832 misso
325 1771 437 1852 populo
448 1777 638 1851 peramanter
648 1770 848 1850 impertimur.
864 1772 976 1835 Datum
987 1772 1096 1843 Rome,
1113 1777 1185 1848 ete,
1198 1771 1246 1831 die
1262 1780 1373 1834 imore

219 1875 257 1930 tii
272 1881 363 1947 1770,
378 1871 569 1949 pontificalia
580 1874 675 1931 nostri
689 1886 768 1929 nano
777 1873 889 1947 primo.

736 2135 849 2204 LXlll.

676 2302 808 2345 bruncho
831 2302 917 2344 1³1th

597 2417 829 2478 EMMANUELI
858 2417 989 2489 PlNTO‚

292 2541 477 2590 noscimus
494 2542 518 2588 s,
535 2539 666 2589 somnus
684 2537 978 2590 uranosonrnnarn
991 2512 1105 2589 niano
1120 2538 1297 2600 naarsrao,

531 2658 765 2740 CLEMENS
783 2663 920 2739 PAPA
948 2663 1055 2739 XlV.

1003 2831 1097 2888 Rome,
1111 2831 1126 2875 9
1141 2826 1221 2876 madii
1236 2829 1305 2877 1770.

259 2943 390 3011 Diteete,
402 2947 458 3001 etc.
473 2939 602 3014 Quidam
616 2941 723 3004 adNos
732 2959 836 3004 rumor
846 2940 952 3002 detulit
966 2940 1081 3021 opinari
1096 2939 1195 3001 isthuc
1208 2939 1372 3001 nonnullos

221 3039 362 3100 dilectum
375 3039 470 3100 lilium
481 3040 630 3102 Jacobum
642 3044 775 3104 Laurum
784 3040 821 3102 de
833 3039 963 3101 Breteuil
971 3045 1122 3100 oratorem
1135 3036 1215 3119 apud
1225 3039 1287 3101 Nos
1298 3057 1371 3101 res-
1446 3068 1448 3073 ·

220 3147 300 3198 trum
314 3137 426 3213 minus,
440 3156 533 3217 quam
546 3157 600 3200 vos
611 3140 742 3218 velletis,
755 3139 786 3201 in
801 3135 954 3217 fungendo
970 3135 1135 3196 ministerio
1148 3134 1234 3197 vobis
1247 3135 1370 3196 satisfa-

221 3251 300 3292 cere.
322 3232 385 3292 Nos
403 3232 525 3311 quidem
540 3234 641 3295 induci
657 3236 781 3297 minime
801 3231 979 3316 possumus',
999 3238 1033 3294 ut
1050 3230 1109 3293 hoe
1119 3238 1150 3293 te
1163 3232 1210 3293 rel
1224 3229 1367 3312 suspicari

220 3330 397 3405 credamus3
411 3348 593 3411 magnopere
601 3335 682 3395 enim
693 3337 874 3398 miraremur
884 3332 1014 3396 ullistibi
1024 3331 1175 3394 rationum
1188 3331 1369 3411 conjecturis

221 3427 251 3488 id
265 3427 362 3507 ipsum
374 3427 422 3488 vel
442 3426 546 3488 leviter
558 3447 692 3509 unquam
713 3431 830 3493 suaderi
845 3432 994 3513 potuisse,
1011 3446 1082 3491 cnm
1102 3428 1217 3510 optime
1230 3429 1349 3490 noveris
1358 3470 1368 3505 ,

221 3525 295 3587 nihil
309 3544 507 3607 eorumque
521 3527 643 3589 aNobis
652 3529 798 3592 hactenus
809 3549 865 3611 per
878 3529 1020 3592 eumdem
1031 3533 1182 3589 oratorem
1193 3533 1281 3589 tuum
1294 3545 1370 3608 pos-

219 3624 380 3702 tulaveris,
397 3630 428 3686 te
447 3643 507 3687 non
523 3643 588 3688 esse
607 3626 748 3689 facillime
762 3635 997 3710 consequutum3
1017 3625 1099 3706 quod
1117 3643 1188 3687 sane
1204 3624 1323 3687 etiarnsi
1338 3632 1369 3686 et

223 3728 346 3783 tuorum
357 3723 579 3803 postulatorum
598 3726 746 3805 aequitati,
768 3733 798 3788 et
815 3734 922 3789 nostrae
935 3744 1007 3806 erga
1018 3733 1049 3786 te
1065 3732 1211 3804 tuumque
1230 3724 1368 3785 inclitum

218 3820 356 3881 ordinem
376 3821 587 3886 benevolentia
602 3824 726 3903 reseras,
742 3824 881 3888 dubitare
890 3833 992 3888 tamen
1012 3841 1073 3885 non
1087 3829 1184 3904 potes,
1198 3822 1271 3903 quin
1284 3822 1368 3903 quod

151 3947 155 3957 ·
220 3921 248 3980 in
274 3915 397 3998 agendis
416 3921 544 3999 negotiis
563 3922 642 3984 valet
661 3923 842 4004 plurimum,
858 3922 991 3984 maxima
1009 3920 1088 3982 illins
1105 3918 1278 4000 diligentia,
1290 3935 1369 3999 pru·

218 4017 331 4094 dentia,
350 4035 385 4078 ao
398 4015 484 4093 fides,
496 4025 527 4079 et
536 4020 684 4100 singulare
695 4041 766 4102 erga
780 4040 833 4084 vos
849 4023 982 4085 studium
998 4039 1070 4082 cum
1083 4024 1240 4102 perspecta
1247 4006 1366 4096 jamdiu

219 4115 248 4175 in
267 4114 464 4195 apostolicam
489 4115 591 4177 sedem
613 4118 804 4181 observantia
823 4121 1021 4198 conjunctum
1041 4115 1248 4179 intercesserit.
1272 4116 1366 4176 Recte

218 4210 308 4288 igitur
323 4212 494 4293 utiliterque
509 4212 547 4273 ah
569 4212 634 4292 ipso
648 4216 709 4293 geri
733 4216 932 4278 ministerium
946 4222 1080 4278 vestrum
1093 4234 1143 4277 res
1160 4215 1226 4296 ipsa
1238 4230 1369 4295 persna-

218 4300 291 4360 dere
303 4317 356 4359 vos
370 4301 470 4381 dehet,
485 4302 688 4382 eumdemque
700 4302 811 4368 ideirco
826 4305 911 4368 valde
923 4307 1016 4370 Nobis
1029 4305 1215 4381 satisfacere,
1238 4321 1274 4365 ao
1292 4320 1368 4384 pro-

217 4401 323 4460 batum
339 4397 430 4458 etiam
445 4410 534 4481 atque
555 4409 714 4482 acceptum
734 4421 809 4465 esse.
824 4403 1023 4465 Vehementer
1038 4404 1141 4483 itaque
1161 4401 1301 4484 cupimus
1310 4444 1319 4478 ,
1333 4407 1369 4462 nt

217 4497 294 4558 cesi
308 4512 374 4576 qnae
387 4504 456 4557 sunt
466 4497 552 4561 isthic
566 4499 664 4561 deillo
677 4502 861 4580 suspiciones
873 4501 1064 4578 aboleantur3
1075 4497 1256 4580 quodquefid
1270 4499 1371 4578 magis
