<?xml version="1.0" encoding="UTF-8"?>
<!DOCTYPE html PUBLIC "-//W3C//DTD XHTML 1.0 Transitional//EN"
    "http://www.w3.org/TR/xhtml1/DTD/xhtml1-transitional.dtd">
<html xmlns="http://www.w3.org/1999/xhtml" xml:lang="en" lang="en">
 <head>
  <title>
</title>
<meta http-equiv="Content-Type" content="text/html;charset=utf-8" />
  <meta name='ocr-system' content='tesseract 3.04.00' />
  <meta name='ocr-capabilities' content='ocr_page ocr_carea ocr_par ocr_line ocrx_word'/>
</head>
<body>
  <div class='ocr_page' id='page_1' title='image "./clementisxivpon01clemgoog_0313.png"; bbox 0 0 3194 5354; ppageno 0'>
   <div class='ocr_carea' id='block_1_1' title="bbox 226 472 942 528">
    <p class='ocr_par' dir='ltr' id='par_1_1' title="bbox 226 472 942 528">
     <span class='ocr_line' id='line_1_1' title="bbox 226 472 942 528; baseline -0.003 0"><span class='ocrx_word' id='word_1_1' title='bbox 226 479 276 528; x_wconf 77' lang='lat' dir='ltr'><strong>aba</strong></span> <span class='ocrx_word' id='word_1_2' title='bbox 654 472 859 527; x_wconf 81' lang='lat' dir='ltr'><strong>CLEbiEN&#39;l&#39;tS</strong></span> <span class='ocrx_word' id='word_1_3' title='bbox 876 473 942 527; x_wconf 81' lang='lat' dir='ltr'><strong>xiv</strong></span> 
     </span>
    </p>
   </div>
   <div class='ocr_carea' id='block_1_2' title="bbox 215 575 1378 3287">
    <p class='ocr_par' dir='ltr' id='par_1_2' title="bbox 215 575 1378 3287">
     <span class='ocr_line' id='line_1_2' title="bbox 225 575 1378 657; baseline 0.003 -16"><span class='ocrx_word' id='word_1_4' title='bbox 225 579 308 641; x_wconf 85' lang='lat' dir='ltr'><strong>sione</strong></span> <span class='ocrx_word' id='word_1_5' title='bbox 329 577 511 655; x_wconf 76' lang='lat' dir='ltr'><strong>inhaereant,</strong></span> <span class='ocrx_word' id='word_1_6' title='bbox 533 583 623 657; x_wconf 89' lang='lat' dir='ltr'><strong>atque</strong></span> <span class='ocrx_word' id='word_1_7' title='bbox 647 576 795 639; x_wconf 85' lang='lat' dir='ltr'><strong>insistant.</strong></span> <span class='ocrx_word' id='word_1_8' title='bbox 816 575 945 638; x_wconf 80' lang='lat' dir='ltr'><strong>Proinde</strong></span> <span class='ocrx_word' id='word_1_9' title='bbox 964 582 1067 639; x_wconf 86' lang='lat' dir='ltr'><strong>nostro</strong></span> <span class='ocrx_word' id='word_1_10' title='bbox 1083 576 1178 639; x_wconf 89' lang='lat' dir='ltr'><strong>etiam</strong></span> <span class='ocrx_word' id='word_1_11' title='bbox 1192 579 1317 642; x_wconf 81' lang='lat' dir='ltr'><strong>nombre</strong></span> <span class='ocrx_word' id='word_1_12' title='bbox 1338 581 1378 644; x_wconf 89' lang='lat' dir='ltr'><strong>ab</strong></span> 
     </span>
     <span class='ocr_line' id='line_1_3' title="bbox 224 672 1376 755; baseline 0.004 -18"><span class='ocrx_word' id='word_1_13' title='bbox 224 675 280 737; x_wconf 86' lang='lat' dir='ltr'><strong>iilis</strong></span> <span class='ocrx_word' id='word_1_14' title='bbox 297 675 480 750; x_wconf 84' lang='lat' dir='ltr'><strong>contendes,</strong></span> <span class='ocrx_word' id='word_1_15' title='bbox 500 672 630 753; x_wconf 88' lang='lat' dir='ltr'><strong>nequid</strong></span> <span class='ocrx_word' id='word_1_16' title='bbox 648 672 678 734; x_wconf 91' lang='lat' dir='ltr'><strong>iu</strong></span> <span class='ocrx_word' id='word_1_17' title='bbox 697 672 760 735; x_wconf 92' lang='lat' dir='ltr'><strong>suis</strong></span> <span class='ocrx_word' id='word_1_18' title='bbox 773 672 951 735; x_wconf 85' lang='lat' dir='ltr'><strong>dioeeesibus</strong></span> <span class='ocrx_word' id='word_1_19' title='bbox 965 672 1028 735; x_wconf 84' lang='lat' dir='ltr'><strong>fieri</strong></span> <span class='ocrx_word' id='word_1_20' title='bbox 1048 679 1079 735; x_wconf 93' lang='lat' dir='ltr'><strong>et</strong></span> <span class='ocrx_word' id='word_1_21' title='bbox 1100 675 1244 738; x_wconf 85' lang='lat' dir='ltr'><strong>constitui</strong></span> <span class='ocrx_word' id='word_1_22' title='bbox 1258 677 1376 755; x_wconf 80' lang='lat' dir='ltr'><strong>sinam,</strong></span> 
     </span>
     <span class='ocr_line' id='line_1_4' title="bbox 222 769 1377 857; baseline 0.003 -22"><span class='ocrx_word' id='word_1_23' title='bbox 222 771 304 853; x_wconf 88' lang='lat' dir='ltr'><strong>quod</strong></span> <span class='ocrx_word' id='word_1_24' title='bbox 315 791 375 834; x_wconf 91' lang='lat' dir='ltr'><strong>non</strong></span> <span class='ocrx_word' id='word_1_25' title='bbox 393 772 516 835; x_wconf 89' lang='lat' dir='ltr'><strong>omnino</strong></span> <span class='ocrx_word' id='word_1_26' title='bbox 528 771 566 833; x_wconf 94' lang='lat' dir='ltr'><strong>sit</strong></span> <span class='ocrx_word' id='word_1_27' title='bbox 577 770 689 832; x_wconf 89' lang='lat' dir='ltr'><strong>nostris</strong></span> <span class='ocrx_word' id='word_1_28' title='bbox 702 769 875 852; x_wconf 87' lang='lat' dir='ltr'><strong>apostolicis</strong></span> <span class='ocrx_word' id='word_1_29' title='bbox 888 769 994 832; x_wconf 89' lang='lat' dir='ltr'><strong>litteris</strong></span> <span class='ocrx_word' id='word_1_30' title='bbox 1007 778 1257 835; x_wconf 87' lang='lat' dir='ltr'><strong>consentaneum.</strong></span> <span class='ocrx_word' id='word_1_31' title='bbox 1269 775 1377 857; x_wconf 83' lang='lat' dir='ltr'><strong>Neque</strong></span> 
     </span>
     <span class='ocr_line' id='line_1_5' title="bbox 223 863 1377 951; baseline 0.003 -19"><span class='ocrx_word' id='word_1_32' title='bbox 223 871 283 932; x_wconf 88' lang='lat' dir='ltr'><strong>Nos</strong></span> <span class='ocrx_word' id='word_1_33' title='bbox 293 868 417 951; x_wconf 84' lang='lat' dir='ltr'><strong>quidem</strong></span> <span class='ocrx_word' id='word_1_34' title='bbox 433 886 503 929; x_wconf 90' lang='lat' dir='ltr'><strong>cum</strong></span> <span class='ocrx_word' id='word_1_35' title='bbox 518 867 582 928; x_wconf 82' lang='lat' dir='ltr'><strong>bae</strong></span> <span class='ocrx_word' id='word_1_36' title='bbox 596 865 775 941; x_wconf 86' lang='lat' dir='ltr'><strong>scribimus,</strong></span> <span class='ocrx_word' id='word_1_37' title='bbox 795 863 833 926; x_wconf 89' lang='lat' dir='ltr'><strong>de</strong></span> <span class='ocrx_word' id='word_1_38' title='bbox 846 883 953 927; x_wconf 87' lang='lat' dir='ltr'><strong>eorum</strong></span> <span class='ocrx_word' id='word_1_39' title='bbox 967 865 1015 927; x_wconf 83' lang='lat' dir='ltr'><strong>vei</strong></span> <span class='ocrx_word' id='word_1_40' title='bbox 1030 865 1177 948; x_wconf 83' lang='lat' dir='ltr'><strong>sapientia</strong></span> <span class='ocrx_word' id='word_1_41' title='bbox 1190 871 1237 932; x_wconf 83' lang='lat' dir='ltr'><strong>vel</strong></span> <span class='ocrx_word' id='word_1_42' title='bbox 1251 870 1283 933; x_wconf 88' lang='lat' dir='ltr'><strong>in</strong></span> <span class='ocrx_word' id='word_1_43' title='bbox 1297 872 1377 936; x_wconf 86' lang='lat' dir='ltr'><strong>lrauc</strong></span> 
     </span>
     <span class='ocr_line' id='line_1_6' title="bbox 222 962 1377 1044; baseline 0.003 -15"><span class='ocrx_word' id='word_1_44' title='bbox 222 969 363 1030; x_wconf 87' lang='lat' dir='ltr'><strong>Sanctam</strong></span> <span class='ocrx_word' id='word_1_45' title='bbox 378 965 487 1027; x_wconf 91' lang='lat' dir='ltr'><strong>Sedem</strong></span> <span class='ocrx_word' id='word_1_46' title='bbox 503 964 692 1027; x_wconf 87' lang='lat' dir='ltr'><strong>observantia</strong></span> <span class='ocrx_word' id='word_1_47' title='bbox 706 962 862 1044; x_wconf 79' lang='lat' dir='ltr'>quidpiam</span> <span class='ocrx_word' id='word_1_48' title='bbox 876 962 1066 1044; x_wconf 73' lang='lat' dir='ltr'><strong>dubitamus,</strong></span> <span class='ocrx_word' id='word_1_49' title='bbox 1078 972 1131 1027; x_wconf 89' lang='lat' dir='ltr'><strong>aut</strong></span> <span class='ocrx_word' id='word_1_50' title='bbox 1142 967 1204 1030; x_wconf 89' lang='lat' dir='ltr'><strong>utto</strong></span> <span class='ocrx_word' id='word_1_51' title='bbox 1217 969 1313 1033; x_wconf 90' lang='lat' dir='ltr'><strong>modo</strong></span> <span class='ocrx_word' id='word_1_52' title='bbox 1323 970 1377 1032; x_wconf 83' lang='lat' dir='ltr'><strong>dii·</strong></span> 
     </span>
     <span class='ocr_line' id='line_1_7' title="bbox 222 1059 1378 1146; baseline 0.003 -20"><span class='ocrx_word' id='word_1_53' title='bbox 222 1066 342 1127; x_wconf 87' lang='lat' dir='ltr'><strong>fidimus</strong></span> <span class='ocrx_word' id='word_1_54' title='bbox 354 1083 456 1144; x_wconf 78' lang='lat' dir='ltr'><strong>aequos</strong></span> <span class='ocrx_word' id='word_1_55' title='bbox 466 1069 573 1143; x_wconf 88' lang='lat' dir='ltr'><strong>sponte</strong></span> <span class='ocrx_word' id='word_1_56' title='bbox 586 1063 678 1124; x_wconf 92' lang='lat' dir='ltr'><strong>Nobis</strong></span> <span class='ocrx_word' id='word_1_57' title='bbox 697 1081 735 1123; x_wconf 87' lang='lat' dir='ltr'><strong>ac</strong></span> <span class='ocrx_word' id='word_1_58' title='bbox 753 1062 954 1141; x_wconf 79' lang='lat' dir='ltr'><strong>obsequentes</strong></span> <span class='ocrx_word' id='word_1_59' title='bbox 967 1059 1084 1124; x_wconf 83' lang='lat' dir='ltr'><strong>tuturos</strong></span> <span class='ocrx_word' id='word_1_60' title='bbox 1099 1082 1180 1142; x_wconf 83' lang='lat' dir='ltr'><strong>esse,</strong></span> <span class='ocrx_word' id='word_1_61' title='bbox 1192 1083 1271 1146; x_wconf 87' lang='lat' dir='ltr'><strong>quos</strong></span> <span class='ocrx_word' id='word_1_62' title='bbox 1286 1075 1378 1130; x_wconf 86' lang='lat' dir='ltr'><strong>antea</strong></span> 
     </span>
     <span class='ocr_line' id='line_1_8' title="bbox 223 1160 1376 1242; baseline 0.003 -18"><span class='ocrx_word' id='word_1_63' title='bbox 223 1163 294 1242; x_wconf 79' lang='lat' dir='ltr'><strong>Regi</strong></span> <span class='ocrx_word' id='word_1_64' title='bbox 311 1163 341 1222; x_wconf 93' lang='lat' dir='ltr'><strong>iu</strong></span> <span class='ocrx_word' id='word_1_65' title='bbox 358 1161 445 1221; x_wconf 86' lang='lat' dir='ltr'>simili</span> <span class='ocrx_word' id='word_1_66' title='bbox 458 1180 549 1222; x_wconf 86' lang='lat' dir='ltr'><strong>causa</strong></span> <span class='ocrx_word' id='word_1_67' title='bbox 560 1161 724 1240; x_wconf 82' lang='lat' dir='ltr'><strong>morigeros</strong></span> <span class='ocrx_word' id='word_1_68' title='bbox 736 1161 827 1222; x_wconf 83' lang='lat' dir='ltr'><strong>inisse</strong></span> <span class='ocrx_word' id='word_1_69' title='bbox 839 1178 899 1221; x_wconf 90' lang='lat' dir='ltr'><strong>uon</strong></span> <span class='ocrx_word' id='word_1_70' title='bbox 915 1160 1101 1240; x_wconf 84' lang='lat' dir='ltr'><strong>ignoramus.</strong></span> <span class='ocrx_word' id='word_1_71' title='bbox 1117 1163 1175 1223; x_wconf 89' lang='lat' dir='ltr'><strong>Sed</strong></span> <span class='ocrx_word' id='word_1_72' title='bbox 1187 1164 1216 1224; x_wconf 92' lang='lat' dir='ltr'><strong>in</strong></span> <span class='ocrx_word' id='word_1_73' title='bbox 1228 1183 1298 1227; x_wconf 88' lang='lat' dir='ltr'><strong>eam</strong></span> <span class='ocrx_word' id='word_1_74' title='bbox 1311 1166 1376 1228; x_wconf 79' lang='lat' dir='ltr'><strong>bac</strong></span> 
     </span>
     <span class='ocr_line' id='line_1_9' title="bbox 222 1257 1374 1342; baseline 0.004 -22"><span class='ocrx_word' id='word_1_75' title='bbox 222 1264 339 1340; x_wconf 89' lang='lat' dir='ltr'><strong>partem</strong></span> <span class='ocrx_word' id='word_1_76' title='bbox 351 1257 445 1338; x_wconf 81' lang='lat' dir='ltr'>accipi</span> <span class='ocrx_word' id='word_1_77' title='bbox 459 1258 597 1319; x_wconf 87' lang='lat' dir='ltr'><strong>volumus</strong></span> <span class='ocrx_word' id='word_1_78' title='bbox 607 1302 615 1333; x_wconf 95' lang='lat'><strong>,</strong></span> <span class='ocrx_word' id='word_1_79' title='bbox 627 1264 661 1318; x_wconf 88' lang='lat' dir='ltr'><strong>ut</strong></span> <span class='ocrx_word' id='word_1_80' title='bbox 673 1276 691 1318; x_wconf 90' lang='lat' dir='ltr'><strong>a</strong></span> <span class='ocrx_word' id='word_1_81' title='bbox 705 1257 794 1318; x_wconf 90' lang='lat' dir='ltr'><strong>rebus</strong></span> <span class='ocrx_word' id='word_1_82' title='bbox 806 1304 814 1335; x_wconf 94' lang='lat'><strong>,</strong></span> <span class='ocrx_word' id='word_1_83' title='bbox 826 1277 903 1339; x_wconf 90' lang='lat' dir='ltr'><strong>quas</strong></span> <span class='ocrx_word' id='word_1_84' title='bbox 915 1257 1021 1318; x_wconf 88' lang='lat' dir='ltr'><strong>sedulo</strong></span> <span class='ocrx_word' id='word_1_85' title='bbox 1032 1257 1248 1342; x_wconf 82' lang='lat' dir='ltr'><strong>diligenterque</strong></span> <span class='ocrx_word' id='word_1_86' title='bbox 1261 1267 1374 1327; x_wconf 79' lang='lat' dir='ltr'><strong>serrari</strong></span> 
     </span>
     <span class='ocr_line' id='line_1_10' title="bbox 221 1356 1374 1443; baseline 0.007 -26"><span class='ocrx_word' id='word_1_87' title='bbox 221 1357 378 1438; x_wconf 90' lang='lat' dir='ltr'><strong>cupimus,</strong></span> <span class='ocrx_word' id='word_1_88' title='bbox 397 1374 518 1417; x_wconf 86' lang='lat' dir='ltr'><strong>omnem</strong></span> <span class='ocrx_word' id='word_1_89' title='bbox 542 1356 781 1436; x_wconf 86' lang='lat' dir='ltr'><strong>quibuscumque</strong></span> <span class='ocrx_word' id='word_1_90' title='bbox 802 1357 1116 1438; x_wconf 71' lang='lat' dir='ltr'><strong>interpretationibus,</strong></span> <span class='ocrx_word' id='word_1_91' title='bbox 1137 1368 1167 1420; x_wconf 90' lang='lat' dir='ltr'><strong>et</strong></span> <span class='ocrx_word' id='word_1_92' title='bbox 1187 1381 1253 1443; x_wconf 80' lang='lat' dir='ltr'><strong>qua</strong></span> <span class='ocrx_word' id='word_1_93' title='bbox 1272 1363 1374 1425; x_wconf 78' lang='lat' dir='ltr'><strong>afferri</strong></span> 
     </span>
     <span class='ocr_line' id='line_1_11' title="bbox 221 1454 1375 1535; baseline 0.007 -21"><span class='ocrx_word' id='word_1_94' title='bbox 221 1454 360 1516; x_wconf 85' lang='lat' dir='ltr'><strong>videntur</strong></span> <span class='ocrx_word' id='word_1_95' title='bbox 371 1473 475 1535; x_wconf 88' lang='lat' dir='ltr'><strong>posse,</strong></span> <span class='ocrx_word' id='word_1_96' title='bbox 494 1454 594 1515; x_wconf 91' lang='lat' dir='ltr'><strong>causis</strong></span> <span class='ocrx_word' id='word_1_97' title='bbox 611 1454 712 1516; x_wconf 89' lang='lat' dir='ltr'><strong>iocum</strong></span> <span class='ocrx_word' id='word_1_98' title='bbox 727 1455 908 1517; x_wconf 90' lang='lat' dir='ltr'><strong>adimamus.</strong></span> <span class='ocrx_word' id='word_1_99' title='bbox 921 1458 991 1530; x_wconf 83' lang='lat' dir='ltr'><strong>Qua</strong></span> <span class='ocrx_word' id='word_1_100' title='bbox 1000 1463 1034 1517; x_wconf 89' lang='lat' dir='ltr'><strong>ut</strong></span> <span class='ocrx_word' id='word_1_101' title='bbox 1047 1475 1145 1519; x_wconf 70' lang='lat' dir='ltr'><strong>causae</strong></span> <span class='ocrx_word' id='word_1_102' title='bbox 1155 1457 1271 1521; x_wconf 81' lang='lat' dir='ltr'><strong>facilius</strong></span> <span class='ocrx_word' id='word_1_103' title='bbox 1281 1461 1375 1522; x_wconf 88' lang='lat' dir='ltr'><strong>etiam</strong></span> 
     </span>
     <span class='ocr_line' id='line_1_12' title="bbox 221 1551 1373 1639; baseline 0.006 -24"><span class='ocrx_word' id='word_1_104' title='bbox 221 1551 340 1634; x_wconf 73' lang='lat' dir='ltr'><strong>praecidi</strong></span> <span class='ocrx_word' id='word_1_105' title='bbox 352 1553 472 1614; x_wconf 84' lang='lat' dir='ltr'><strong>valeant</strong></span> <span class='ocrx_word' id='word_1_106' title='bbox 482 1597 491 1629; x_wconf 81' lang='lat'><strong>,</strong></span> <span class='ocrx_word' id='word_1_107' title='bbox 502 1552 648 1629; x_wconf 75' lang='lat' dir='ltr'><strong>maiorem</strong></span> <span class='ocrx_word' id='word_1_108' title='bbox 664 1551 695 1613; x_wconf 93' lang='lat' dir='ltr'><strong>in</strong></span> <span class='ocrx_word' id='word_1_109' title='bbox 709 1551 835 1615; x_wconf 91' lang='lat' dir='ltr'><strong>modum</strong></span> <span class='ocrx_word' id='word_1_110' title='bbox 852 1553 1010 1639; x_wconf 88' lang='lat' dir='ltr'><strong>hortamur</strong></span> <span class='ocrx_word' id='word_1_111' title='bbox 1021 1554 1214 1616; x_wconf 87' lang='lat' dir='ltr'><strong>Venerabitcs</strong></span> <span class='ocrx_word' id='word_1_112' title='bbox 1234 1557 1373 1623; x_wconf 70' lang='lat' dir='ltr'><strong>Fratres,</strong></span> 
     </span>
     <span class='ocr_line' id='line_1_13' title="bbox 221 1647 1373 1733; baseline 0.003 -22"><span class='ocrx_word' id='word_1_113' title='bbox 221 1658 255 1711; x_wconf 89' lang='lat' dir='ltr'><strong>ut</strong></span> <span class='ocrx_word' id='word_1_114' title='bbox 269 1650 361 1728; x_wconf 87' lang='lat' dir='ltr'><strong>alios,</strong></span> <span class='ocrx_word' id='word_1_115' title='bbox 376 1668 453 1730; x_wconf 92' lang='lat' dir='ltr'><strong>quos</strong></span> <span class='ocrx_word' id='word_1_116' title='bbox 467 1648 580 1710; x_wconf 89' lang='lat' dir='ltr'><strong>babent</strong></span> <span class='ocrx_word' id='word_1_117' title='bbox 598 1647 628 1710; x_wconf 92' lang='lat' dir='ltr'><strong>in</strong></span> <span class='ocrx_word' id='word_1_118' title='bbox 642 1647 761 1711; x_wconf 84' lang='lat' dir='ltr'><strong>dioecesi</strong></span> <span class='ocrx_word' id='word_1_119' title='bbox 776 1668 831 1712; x_wconf 92' lang='lat' dir='ltr'><strong>sua</strong></span> <span class='ocrx_word' id='word_1_120' title='bbox 849 1650 1019 1713; x_wconf 86' lang='lat' dir='ltr'><strong>sacerdotes</strong></span> <span class='ocrx_word' id='word_1_121' title='bbox 1034 1657 1097 1712; x_wconf 91' lang='lat' dir='ltr'><strong>tam</strong></span> <span class='ocrx_word' id='word_1_122' title='bbox 1108 1670 1126 1713; x_wconf 92' lang='lat' dir='ltr'><strong>e</strong></span> <span class='ocrx_word' id='word_1_123' title='bbox 1139 1653 1266 1732; x_wconf 80' lang='lat' dir='ltr'><strong>regulari</strong></span> <span class='ocrx_word' id='word_1_124' title='bbox 1278 1672 1373 1733; x_wconf 87' lang='lat' dir='ltr'><strong>quam</strong></span> 
     </span>
     <span class='ocr_line' id='line_1_14' title="bbox 220 1742 1374 1826; baseline 0 -14"><span class='ocrx_word' id='word_1_125' title='bbox 220 1749 353 1812; x_wconf 73' lang='lat' dir='ltr'><strong>seculari</strong></span> <span class='ocrx_word' id='word_1_126' title='bbox 375 1742 475 1822; x_wconf 88' lang='lat' dir='ltr'><strong>clero,</strong></span> <span class='ocrx_word' id='word_1_127' title='bbox 497 1745 552 1807; x_wconf 92' lang='lat' dir='ltr'><strong>sibi</strong></span> <span class='ocrx_word' id='word_1_128' title='bbox 566 1744 715 1826; x_wconf 84' lang='lat' dir='ltr'><strong>adjutores</strong></span> <span class='ocrx_word' id='word_1_129' title='bbox 735 1745 765 1807; x_wconf 90' lang='lat' dir='ltr'><strong>in</strong></span> <span class='ocrx_word' id='word_1_130' title='bbox 782 1746 916 1809; x_wconf 88' lang='lat' dir='ltr'><strong>curanda</strong></span> <span class='ocrx_word' id='word_1_131' title='bbox 934 1746 1104 1809; x_wconf 89' lang='lat' dir='ltr'><strong>animarum</strong></span> <span class='ocrx_word' id='word_1_132' title='bbox 1124 1748 1218 1810; x_wconf 85' lang='lat' dir='ltr'><strong>saluta</strong></span> <span class='ocrx_word' id='word_1_133' title='bbox 1237 1758 1268 1811; x_wconf 88' lang='lat' dir='ltr'><strong>et</strong></span> <span class='ocrx_word' id='word_1_134' title='bbox 1284 1750 1374 1812; x_wconf 80' lang='lat' dir='ltr'><strong>vinea</strong></span> 
     </span>
     <span class='ocr_line' id='line_1_15' title="bbox 220 1842 1372 1927; baseline 0.003 -20"><span class='ocrx_word' id='word_1_135' title='bbox 220 1846 337 1907; x_wconf 86' lang='lat' dir='ltr'><strong>Domini</strong></span> <span class='ocrx_word' id='word_1_136' title='bbox 352 1842 515 1906; x_wconf 81' lang='lat' dir='ltr'><strong>excolenda</strong></span> <span class='ocrx_word' id='word_1_137' title='bbox 529 1842 682 1924; x_wconf 84' lang='lat' dir='ltr'><strong>operarios</strong></span> <span class='ocrx_word' id='word_1_138' title='bbox 696 1843 858 1920; x_wconf 88' lang='lat' dir='ltr'><strong>aseiseaut;</strong></span> <span class='ocrx_word' id='word_1_139' title='bbox 875 1845 917 1906; x_wconf 93' lang='lat' dir='ltr'><strong>ita</strong></span> <span class='ocrx_word' id='word_1_140' title='bbox 930 1846 1010 1907; x_wconf 89' lang='lat' dir='ltr'><strong>enim</strong></span> <span class='ocrx_word' id='word_1_141' title='bbox 1022 1845 1087 1927; x_wconf 94' lang='lat' dir='ltr'><strong>ipsa</strong></span> <span class='ocrx_word' id='word_1_142' title='bbox 1101 1845 1254 1927; x_wconf 87' lang='lat' dir='ltr'><strong>apostolici</strong></span> <span class='ocrx_word' id='word_1_143' title='bbox 1267 1848 1372 1910; x_wconf 91' lang='lat' dir='ltr'><strong>miuis-</strong></span> 
     </span>
     <span class='ocr_line' id='line_1_16' title="bbox 220 1941 1374 2024; baseline 0 -18"><span class='ocrx_word' id='word_1_144' title='bbox 220 1945 284 2006; x_wconf 86' lang='lat' dir='ltr'><strong>terii</strong></span> <span class='ocrx_word' id='word_1_145' title='bbox 308 1942 520 2006; x_wconf 83' lang='lat' dir='ltr'><strong>exercitatione</strong></span> <span class='ocrx_word' id='word_1_146' title='bbox 543 1941 690 2022; x_wconf 89' lang='lat' dir='ltr'><strong>paulatim</strong></span> <span class='ocrx_word' id='word_1_147' title='bbox 704 1942 910 2005; x_wconf 85' lang='lat' dir='ltr'><strong>instructiores</strong></span> <span class='ocrx_word' id='word_1_148' title='bbox 923 1950 955 2005; x_wconf 89' lang='lat' dir='ltr'><strong>et</strong></span> <span class='ocrx_word' id='word_1_149' title='bbox 979 1943 1018 2004; x_wconf 92' lang='lat' dir='ltr'><strong>ad</strong></span> <span class='ocrx_word' id='word_1_150' title='bbox 1032 1944 1218 2024; x_wconf 87' lang='lat' dir='ltr'><strong>spirituatem</strong></span> <span class='ocrx_word' id='word_1_151' title='bbox 1231 1945 1374 2007; x_wconf 85' lang='lat' dir='ltr'><strong>mititiam</strong></span> 
     </span>
     <span class='ocr_line' id='line_1_17' title="bbox 220 2037 1371 2123; baseline 0.003 -21"><span class='ocrx_word' id='word_1_152' title='bbox 220 2042 350 2123; x_wconf 81' lang='lat' dir='ltr'><strong>aptiores</strong></span> <span class='ocrx_word' id='word_1_153' title='bbox 363 2041 403 2101; x_wconf 89' lang='lat' dir='ltr'><strong>ilii</strong></span> <span class='ocrx_word' id='word_1_154' title='bbox 416 2057 521 2102; x_wconf 78' lang='lat' dir='ltr'><strong>omnes</strong></span> <span class='ocrx_word' id='word_1_155' title='bbox 531 2037 689 2115; x_wconf 81' lang='lat' dir='ltr'><strong>accedent,</strong></span> <span class='ocrx_word' id='word_1_156' title='bbox 700 2045 731 2099; x_wconf 93' lang='lat' dir='ltr'><strong>et</strong></span> <span class='ocrx_word' id='word_1_157' title='bbox 744 2057 814 2100; x_wconf 91' lang='lat' dir='ltr'><strong>suas</strong></span> <span class='ocrx_word' id='word_1_158' title='bbox 822 2039 972 2120; x_wconf 89' lang='lat' dir='ltr'><strong>episcopis</strong></span> <span class='ocrx_word' id='word_1_159' title='bbox 986 2040 1090 2121; x_wconf 88' lang='lat' dir='ltr'><strong>copias</strong></span> <span class='ocrx_word' id='word_1_160' title='bbox 1103 2059 1159 2121; x_wconf 88' lang='lat' dir='ltr'><strong>pro</strong></span> <span class='ocrx_word' id='word_1_161' title='bbox 1172 2039 1271 2121; x_wconf 76' lang='lat' dir='ltr'><strong>gregis</strong></span> <span class='ocrx_word' id='word_1_162' title='bbox 1285 2059 1371 2109; x_wconf 78' lang='lat' dir='ltr'><strong>eura,</strong></span> 
     </span>
     <span class='ocr_line' id='line_1_18' title="bbox 219 2135 1372 2217; baseline -0.001 -17"><span class='ocrx_word' id='word_1_163' title='bbox 219 2145 250 2200; x_wconf 89' lang='lat' dir='ltr'><strong>et</strong></span> <span class='ocrx_word' id='word_1_164' title='bbox 272 2138 409 2201; x_wconf 88' lang='lat' dir='ltr'><strong>custodia</strong></span> <span class='ocrx_word' id='word_1_165' title='bbox 430 2135 549 2198; x_wconf 88' lang='lat' dir='ltr'><strong>abunde</strong></span> <span class='ocrx_word' id='word_1_166' title='bbox 572 2135 767 2217; x_wconf 90' lang='lat' dir='ltr'><strong>postmodum</strong></span> <span class='ocrx_word' id='word_1_167' title='bbox 788 2135 979 2216; x_wconf 86' lang='lat' dir='ltr'><strong>suppeditare</strong></span> <span class='ocrx_word' id='word_1_168' title='bbox 1000 2143 1153 2217; x_wconf 87' lang='lat' dir='ltr'><strong>poterunt.</strong></span> <span class='ocrx_word' id='word_1_169' title='bbox 1177 2138 1247 2198; x_wconf 82' lang='lat' dir='ltr'><strong>Hac</strong></span> <span class='ocrx_word' id='word_1_170' title='bbox 1268 2139 1372 2201; x_wconf 81' lang='lat' dir='ltr'><strong>omniu</strong></span> 
     </span>
     <span class='ocr_line' id='line_1_19' title="bbox 220 2231 1373 2316; baseline 0.005 -19"><span class='ocrx_word' id='word_1_171' title='bbox 220 2254 291 2297; x_wconf 91' lang='lat' dir='ltr'><strong>oum</strong></span> <span class='ocrx_word' id='word_1_172' title='bbox 304 2254 360 2316; x_wconf 94' lang='lat' dir='ltr'><strong>pro</strong></span> <span class='ocrx_word' id='word_1_173' title='bbox 376 2241 430 2296; x_wconf 92' lang='lat' dir='ltr'><strong>tua</strong></span> <span class='ocrx_word' id='word_1_174' title='bbox 442 2232 584 2313; x_wconf 77' lang='lat' dir='ltr'><strong>singulari</strong></span> <span class='ocrx_word' id='word_1_175' title='bbox 602 2231 763 2313; x_wconf 89' lang='lat' dir='ltr'><strong>prudentia</strong></span> <span class='ocrx_word' id='word_1_176' title='bbox 784 2251 820 2295; x_wconf 89' lang='lat' dir='ltr'><strong>ae</strong></span> <span class='ocrx_word' id='word_1_177' title='bbox 837 2251 939 2294; x_wconf 80' lang='lat' dir='ltr'><strong>renim</strong></span> <span class='ocrx_word' id='word_1_178' title='bbox 961 2252 1036 2310; x_wconf 89' lang='lat' dir='ltr'><strong>usu,</strong></span> <span class='ocrx_word' id='word_1_179' title='bbox 1061 2233 1169 2296; x_wconf 81' lang='lat' dir='ltr'><strong>dilecte</strong></span> <span class='ocrx_word' id='word_1_180' title='bbox 1192 2234 1233 2296; x_wconf 87' lang='lat' dir='ltr'><strong>titi</strong></span> <span class='ocrx_word' id='word_1_181' title='bbox 1254 2244 1373 2303; x_wconf 72' lang='lat' dir='ltr'><strong>noster,</strong></span> 
     </span>
     <span class='ocr_line' id='line_1_20' title="bbox 219 2329 1374 2414; baseline 0.001 -20"><span class='ocrx_word' id='word_1_182' title='bbox 219 2333 333 2414; x_wconf 89' lang='lat' dir='ltr'><strong>optime</strong></span> <span class='ocrx_word' id='word_1_183' title='bbox 357 2331 522 2412; x_wconf 80' lang='lat' dir='ltr'><strong>inteiligas,</strong></span> <span class='ocrx_word' id='word_1_184' title='bbox 543 2330 665 2392; x_wconf 82' lang='lat' dir='ltr'><strong>uuuirne</strong></span> <span class='ocrx_word' id='word_1_185' title='bbox 685 2329 878 2407; x_wconf 87' lang='lat' dir='ltr'><strong>dubitamus,</strong></span> <span class='ocrx_word' id='word_1_186' title='bbox 902 2331 975 2413; x_wconf 86' lang='lat' dir='ltr'><strong>quin</strong></span> <span class='ocrx_word' id='word_1_187' title='bbox 996 2349 1066 2394; x_wconf 89' lang='lat' dir='ltr'><strong>eam</strong></span> <span class='ocrx_word' id='word_1_188' title='bbox 1081 2338 1185 2393; x_wconf 88' lang='lat' dir='ltr'><strong>teneas</strong></span> <span class='ocrx_word' id='word_1_189' title='bbox 1205 2332 1235 2392; x_wconf 93' lang='lat' dir='ltr'><strong>in</strong></span> <span class='ocrx_word' id='word_1_190' title='bbox 1256 2332 1374 2413; x_wconf 56' lang='lat' dir='ltr'><strong>mendo</strong></span> 
     </span>
     <span class='ocr_line' id='line_1_21' title="bbox 219 2428 1375 2512; baseline 0 -20"><span class='ocrx_word' id='word_1_191' title='bbox 219 2433 310 2509; x_wconf 86' lang='lat' dir='ltr'><strong>viam,</strong></span> <span class='ocrx_word' id='word_1_192' title='bbox 320 2451 387 2512; x_wconf 84' lang='lat' dir='ltr'><strong>qna</strong></span> <span class='ocrx_word' id='word_1_193' title='bbox 398 2431 542 2493; x_wconf 86' lang='lat' dir='ltr'><strong>voluntati</strong></span> <span class='ocrx_word' id='word_1_194' title='bbox 552 2429 624 2491; x_wconf 90' lang='lat' dir='ltr'><strong>huic</strong></span> <span class='ocrx_word' id='word_1_195' title='bbox 634 2434 744 2490; x_wconf 78' lang='lat' dir='ltr'><strong>nostra</strong></span> <span class='ocrx_word' id='word_1_196' title='bbox 755 2428 1012 2490; x_wconf 80' lang='lat' dir='ltr'><strong>accommodatior</strong></span> <span class='ocrx_word' id='word_1_197' title='bbox 1023 2447 1086 2491; x_wconf 84' lang='lat' dir='ltr'><strong>ease</strong></span> <span class='ocrx_word' id='word_1_198' title='bbox 1100 2429 1206 2510; x_wconf 83' lang='lat' dir='ltr'><strong>possit.</strong></span> <span class='ocrx_word' id='word_1_199' title='bbox 1221 2429 1299 2493; x_wconf 87' lang='lat' dir='ltr'><strong>titud</strong></span> <span class='ocrx_word' id='word_1_200' title='bbox 1309 2448 1375 2493; x_wconf 85' lang='lat' dir='ltr'><strong>oer-</strong></span> 
     </span>
     <span class='ocr_line' id='line_1_22' title="bbox 218 2524 1373 2607; baseline -0.002 -18"><span class='ocrx_word' id='word_1_201' title='bbox 218 2529 332 2590; x_wconf 88' lang='lat' dir='ltr'><strong>tissime</strong></span> <span class='ocrx_word' id='word_1_202' title='bbox 355 2535 409 2589; x_wconf 88' lang='lat' dir='ltr'><strong>tua</strong></span> <span class='ocrx_word' id='word_1_203' title='bbox 425 2525 573 2606; x_wconf 85' lang='lat' dir='ltr'><strong>ejusmodi</strong></span> <span class='ocrx_word' id='word_1_204' title='bbox 594 2543 704 2605; x_wconf 86' lang='lat' dir='ltr'><strong>opera,</strong></span> <span class='ocrx_word' id='word_1_205' title='bbox 721 2524 892 2604; x_wconf 80' lang='lat' dir='ltr'><strong>diligentia,</strong></span> <span class='ocrx_word' id='word_1_206' title='bbox 911 2525 1036 2587; x_wconf 89' lang='lat' dir='ltr'><strong>oonsilio</strong></span> <span class='ocrx_word' id='word_1_207' title='bbox 1059 2526 1268 2607; x_wconf 87' lang='lat' dir='ltr'><strong>consequeris,</strong></span> <span class='ocrx_word' id='word_1_208' title='bbox 1288 2535 1321 2589; x_wconf 88' lang='lat' dir='ltr'><strong>ut</strong></span> <span class='ocrx_word' id='word_1_209' title='bbox 1342 2537 1373 2589; x_wconf 91' lang='lat' dir='ltr'><strong>et</strong></span> 
     </span>
     <span class='ocr_line' id='line_1_23' title="bbox 219 2619 1373 2704; baseline 0 -21"><span class='ocrx_word' id='word_1_210' title='bbox 219 2623 395 2703; x_wconf 76' lang='lat' dir='ltr'><strong>praclarum</strong></span> <span class='ocrx_word' id='word_1_211' title='bbox 411 2620 471 2683; x_wconf 89' lang='lat' dir='ltr'><strong>boc</strong></span> <span class='ocrx_word' id='word_1_212' title='bbox 485 2622 523 2682; x_wconf 87' lang='lat' dir='ltr'><strong>ad</strong></span> <span class='ocrx_word' id='word_1_213' title='bbox 536 2626 646 2682; x_wconf 85' lang='lat' dir='ltr'><strong>catera</strong></span> <span class='ocrx_word' id='word_1_214' title='bbox 660 2619 829 2698; x_wconf 84' lang='lat' dir='ltr'><strong>adjunxeris</strong></span> <span class='ocrx_word' id='word_1_215' title='bbox 846 2621 891 2683; x_wconf 86' lang='lat' dir='ltr'><strong>tui</strong></span> <span class='ocrx_word' id='word_1_216' title='bbox 909 2639 979 2702; x_wconf 80' lang='lat' dir='ltr'><strong>erga</strong></span> <span class='ocrx_word' id='word_1_217' title='bbox 993 2623 1106 2702; x_wconf 79' lang='lat' dir='ltr'><strong>Regem</strong></span> <span class='ocrx_word' id='word_1_218' title='bbox 1121 2621 1220 2703; x_wconf 92' lang='lat' dir='ltr'><strong>ipsum</strong></span> <span class='ocrx_word' id='word_1_219' title='bbox 1234 2622 1373 2704; x_wconf 77' lang='lat' dir='ltr'><strong>obsequii</strong></span> 
     </span>
     <span class='ocr_line' id='line_1_24' title="bbox 219 2719 1374 2800; baseline -0.002 -16"><span class='ocrx_word' id='word_1_220' title='bbox 219 2721 441 2797; x_wconf 81' lang='lat' dir='ltr'><strong>testimonium,</strong></span> <span class='ocrx_word' id='word_1_221' title='bbox 459 2727 491 2782; x_wconf 88' lang='lat' dir='ltr'><strong>et</strong></span> <span class='ocrx_word' id='word_1_222' title='bbox 508 2726 645 2783; x_wconf 88' lang='lat' dir='ltr'><strong>nostrum</strong></span> <span class='ocrx_word' id='word_1_223' title='bbox 656 2719 694 2781; x_wconf 89' lang='lat' dir='ltr'><strong>de</strong></span> <span class='ocrx_word' id='word_1_224' title='bbox 709 2725 762 2780; x_wconf 92' lang='lat' dir='ltr'><strong>tua</strong></span> <span class='ocrx_word' id='word_1_225' title='bbox 776 2719 901 2799; x_wconf 88' lang='lat' dir='ltr'><strong>virtute,</strong></span> <span class='ocrx_word' id='word_1_226' title='bbox 920 2739 957 2782; x_wconf 88' lang='lat' dir='ltr'><strong>ac</strong></span> <span class='ocrx_word' id='word_1_227' title='bbox 975 2722 1136 2783; x_wconf 83' lang='lat' dir='ltr'><strong>nobiscum</strong></span> <span class='ocrx_word' id='word_1_228' title='bbox 1159 2721 1374 2800; x_wconf 86' lang='lat' dir='ltr'><strong>conjunctione</strong></span> 
     </span>
     <span class='ocr_line' id='line_1_25' title="bbox 215 2815 1374 2897; baseline -0.002 -16"><span class='ocrx_word' id='word_1_229' title='bbox 215 2816 364 2897; x_wconf 84' lang='lat' dir='ltr'><strong>judicium</strong></span> <span class='ocrx_word' id='word_1_230' title='bbox 384 2816 509 2880; x_wconf 82' lang='lat' dir='ltr'><strong>mirifice</strong></span> <span class='ocrx_word' id='word_1_231' title='bbox 528 2815 783 2897; x_wconf 84' lang='lat' dir='ltr'><strong>comprobaveris.</strong></span> <span class='ocrx_word' id='word_1_232' title='bbox 802 2819 846 2879; x_wconf 80' lang='lat' dir='ltr'><strong>Ac</strong></span> <span class='ocrx_word' id='word_1_233' title='bbox 863 2818 893 2879; x_wconf 92' lang='lat' dir='ltr'><strong>iu</strong></span> <span class='ocrx_word' id='word_1_234' title='bbox 914 2818 1036 2880; x_wconf 88' lang='lat' dir='ltr'><strong>uberius</strong></span> <span class='ocrx_word' id='word_1_235' title='bbox 1054 2817 1217 2881; x_wconf 76' lang='lat' dir='ltr'><strong>Pontificie</strong></span> <span class='ocrx_word' id='word_1_236' title='bbox 1236 2817 1374 2880; x_wconf 83' lang='lat' dir='ltr'><strong>caritatis</strong></span> 
     </span>
     <span class='ocr_line' id='line_1_26' title="bbox 217 2912 1375 2997; baseline 0 -21"><span class='ocrx_word' id='word_1_237' title='bbox 217 2915 325 2996; x_wconf 77' lang='lat' dir='ltr'><strong>pignus</strong></span> <span class='ocrx_word' id='word_1_238' title='bbox 339 2914 536 2997; x_wconf 89' lang='lat' dir='ltr'><strong>apostoticam</strong></span> <span class='ocrx_word' id='word_1_239' title='bbox 547 2912 785 2976; x_wconf 89' lang='lat' dir='ltr'><strong>benedictionem</strong></span> <span class='ocrx_word' id='word_1_240' title='bbox 797 2914 871 2989; x_wconf 88' lang='lat' dir='ltr'><strong>tibi,</strong></span> <span class='ocrx_word' id='word_1_241' title='bbox 893 2913 1086 2977; x_wconf 87' lang='lat' dir='ltr'><strong>dilectissime</strong></span> <span class='ocrx_word' id='word_1_242' title='bbox 1105 2914 1147 2977; x_wconf 88' lang='lat' dir='ltr'><strong>fiii</strong></span> <span class='ocrx_word' id='word_1_243' title='bbox 1162 2922 1279 2993; x_wconf 87' lang='lat' dir='ltr'><strong>noster,</strong></span> <span class='ocrx_word' id='word_1_244' title='bbox 1300 2934 1375 2996; x_wconf 85' lang='lat' dir='ltr'><strong>per-</strong></span> 
     </span>
     <span class='ocr_line' id='line_1_27' title="bbox 218 3000 1372 3095; baseline -0.002 -19"><span class='ocrx_word' id='word_1_245' title='bbox 218 3021 353 3077; x_wconf 84' lang='lat' dir='ltr'><strong>amanter</strong></span> <span class='ocrx_word' id='word_1_246' title='bbox 364 3013 566 3095; x_wconf 87' lang='lat' dir='ltr'><strong>impertimur.</strong></span> <span class='ocrx_word' id='word_1_247' title='bbox 575 3013 691 3075; x_wconf 81' lang='lat' dir='ltr'><strong>Datum</strong></span> <span class='ocrx_word' id='word_1_248' title='bbox 702 3013 813 3090; x_wconf 80' lang='lat' dir='ltr'><strong>Roma,</strong></span> <span class='ocrx_word' id='word_1_249' title='bbox 826 3014 908 3092; x_wconf 74' lang='lat' dir='ltr'><strong>apud</strong></span> <span class='ocrx_word' id='word_1_250' title='bbox 916 3000 1058 3074; x_wconf 77' lang='lat' dir='ltr'><strong>Sanctam</strong></span> <span class='ocrx_word' id='word_1_251' title='bbox 1071 3014 1202 3074; x_wconf 66' lang='lat' dir='ltr'><strong>Monam</strong></span> <span class='ocrx_word' id='word_1_252' title='bbox 1212 3015 1372 3093; x_wconf 73' lang='lat' dir='ltr'><strong>Majorem,</strong></span> 
     </span>
     <span class='ocr_line' id='line_1_28' title="bbox 217 3111 1374 3190; baseline 0 -18"><span class='ocrx_word' id='word_1_253' title='bbox 217 3112 270 3172; x_wconf 79' lang='lat' dir='ltr'><strong>set</strong></span> <span class='ocrx_word' id='word_1_254' title='bbox 286 3114 405 3174; x_wconf 76' lang='lat' dir='ltr'><strong>Acrato</strong></span> <span class='ocrx_word' id='word_1_255' title='bbox 420 3113 598 3186; x_wconf 66' lang='lat' dir='ltr'><strong>Piscatoria</strong></span> <span class='ocrx_word' id='word_1_256' title='bbox 614 3111 664 3172; x_wconf 79' lang='lat' dir='ltr'><strong>die</strong></span> <span class='ocrx_word' id='word_1_257' title='bbox 687 3120 705 3169; x_wconf 87' lang='lat' dir='ltr'><strong>a</strong></span> <span class='ocrx_word' id='word_1_258' title='bbox 732 3114 837 3171; x_wconf 84' lang='lat' dir='ltr'><strong>martii</strong></span> <span class='ocrx_word' id='word_1_259' title='bbox 859 3120 948 3187; x_wconf 76' lang='lat'><strong>177⁴,</strong></span> <span class='ocrx_word' id='word_1_260' title='bbox 960 3112 1154 3190; x_wconf 75' lang='lat' dir='ltr'><strong>pontificatus</strong></span> <span class='ocrx_word' id='word_1_261' title='bbox 1176 3116 1273 3174; x_wconf 80' lang='lat' dir='ltr'><strong>nostri</strong></span> <span class='ocrx_word' id='word_1_262' title='bbox 1291 3130 1374 3174; x_wconf 79' lang='lat' dir='ltr'><strong>enno</strong></span> 
     </span>
     <span class='ocr_line' id='line_1_29' title="bbox 218 3215 431 3287; baseline 0.009 -18"><span class='ocrx_word' id='word_1_263' title='bbox 218 3215 331 3287; x_wconf 80' lang='lat' dir='ltr'><strong>quinto.</strong></span> <span class='ocrx_word' id='word_1_264' title='bbox 429 3250 431 3257; x_wconf 90' lang='lat'>·</span> 
     </span>
    </p>
   </div>
   <div class='ocr_carea' id='block_1_3' title="bbox 695 3306 877 3316">
    <p class='ocr_par' dir='ltr' id='par_1_3' title="bbox 695 3306 877 3316">
     <span class='ocr_line' id='line_1_30' title="bbox 695 3306 877 3316; baseline -0.005 0"><span class='ocrx_word' id='word_1_265' title='bbox 695 3306 877 3316; x_wconf 66' lang='lat' dir='ltr'><strong>——n-u-——n</strong></span> 
     </span>
    </p>
   </div>
   <div class='ocr_carea' id='block_1_4' title="bbox 728 3423 849 3492">
    <p class='ocr_par' dir='ltr' id='par_1_4' title="bbox 728 3423 849 3492">
     <span class='ocr_line' id='line_1_31' title="bbox 728 3423 849 3492; baseline 0 -1"><span class='ocrx_word' id='word_1_266' title='bbox 728 3423 849 3492; x_wconf 80' lang='lat' dir='ltr'><strong>cctx.</strong></span> 
     </span>
    </p>
   </div>
   <div class='ocr_carea' id='block_1_5' title="bbox 455 3590 1128 3634">
    <p class='ocr_par' dir='ltr' id='par_1_5' title="bbox 455 3590 1128 3634">
     <span class='ocr_line' id='line_1_32' title="bbox 455 3590 1128 3634; baseline 0.001 -2"><span class='ocrx_word' id='word_1_267' title='bbox 455 3591 671 3632; x_wconf 77' lang='lat' dir='ltr'>DiLECTISSlMO</span> <span class='ocrx_word' id='word_1_268' title='bbox 693 3591 726 3631; x_wconf 82' lang='lat' dir='ltr'><strong>tn</strong></span> <span class='ocrx_word' id='word_1_269' title='bbox 750 3590 881 3633; x_wconf 74' lang='lat' dir='ltr'><strong>cantaro</strong></span> <span class='ocrx_word' id='word_1_270' title='bbox 905 3590 984 3633; x_wconf 73' lang='lat' dir='ltr'><strong>arato</strong></span> <span class='ocrx_word' id='word_1_271' title='bbox 1009 3592 1128 3634; x_wconf 67' lang='lat' dir='ltr'><strong>nostae</strong></span> 
     </span>
    </p>
   </div>
   <div class='ocr_carea' id='block_1_6' title="bbox 358 3699 1224 3884">
    <p class='ocr_par' dir='ltr' id='par_1_6' title="bbox 358 3699 1224 3884">
     <span class='ocr_line' id='line_1_33' title="bbox 550 3699 1024 3772; baseline -0.004 -10"><span class='ocrx_word' id='word_1_272' title='bbox 550 3701 819 3762; x_wconf 64' lang='lat' dir='ltr'><strong>neutrumne</strong></span> <span class='ocrx_word' id='word_1_273' title='bbox 837 3699 1024 3772; x_wconf 82' lang='lat' dir='ltr'><strong>JOSEPHO,</strong></span> 
     </span>
     <span class='ocr_line' id='line_1_34' title="bbox 358 3823 1224 3884; baseline 0.001 -13"><span class='ocrx_word' id='word_1_274' title='bbox 358 3824 518 3873; x_wconf 74' lang='lat' dir='ltr'><strong>navarra</strong></span> <span class='ocrx_word' id='word_1_275' title='bbox 537 3825 644 3884; x_wconf 85' lang='lat' dir='ltr'><strong>uuor,</strong></span> <span class='ocrx_word' id='word_1_276' title='bbox 666 3825 695 3871; x_wconf 91' lang='lat' dir='ltr'><strong>s.</strong></span> <span class='ocrx_word' id='word_1_277' title='bbox 721 3825 754 3872; x_wconf 86' lang='lat' dir='ltr'><strong>n.</strong></span> <span class='ocrx_word' id='word_1_278' title='bbox 776 3825 801 3872; x_wconf 82' lang='grc' dir='ltr'><strong>ι.</strong></span> <span class='ocrx_word' id='word_1_279' title='bbox 827 3823 996 3872; x_wconf 83' lang='lat' dir='ltr'><strong>rnrncrrr</strong></span> <span class='ocrx_word' id='word_1_280' title='bbox 1021 3824 1224 3883; x_wconf 76' lang='lat' dir='ltr'><strong>aaronem,</strong></span> 
     </span>
    </p>
   </div>
   <div class='ocr_carea' id='block_1_7' title="bbox 523 3926 1058 4006">
    <p class='ocr_par' dir='ltr' id='par_1_7' title="bbox 523 3926 1058 4006">
     <span class='ocr_line' id='line_1_35' title="bbox 523 3926 1058 4006; baseline 0 -2"><span class='ocrx_word' id='word_1_281' title='bbox 523 3926 757 4006; x_wconf 81' lang='lat' dir='ltr'>CLEMENS</span> <span class='ocrx_word' id='word_1_282' title='bbox 791 3930 918 4006; x_wconf 84' lang='grc' dir='ltr'>ΡΑΡΑ</span> <span class='ocrx_word' id='word_1_283' title='bbox 951 3928 1058 4004; x_wconf 85' lang='lat' dir='ltr'>XIV.</span> 
     </span>
    </p>
   </div>
   <div class='ocr_carea' id='block_1_8' title="bbox 990 4086 1306 4147">
    <p class='ocr_par' dir='ltr' id='par_1_8' title="bbox 990 4086 1306 4147">
     <span class='ocr_line' id='line_1_36' title="bbox 990 4086 1306 4147; baseline 0 -11"><span class='ocrx_word' id='word_1_284' title='bbox 990 4089 1086 4147; x_wconf 76' lang='lat' dir='ltr'><strong>Romae,</strong></span> <span class='ocrx_word' id='word_1_285' title='bbox 1103 4095 1133 4138; x_wconf 79' lang='lat'><strong>2³</strong></span> <span class='ocrx_word' id='word_1_286' title='bbox 1147 4086 1227 4137; x_wconf 76' lang='lat' dir='ltr'><strong>nurtii</strong></span> <span class='ocrx_word' id='word_1_287' title='bbox 1240 4091 1306 4138; x_wconf 76' lang='lat'><strong>177⁴.</strong></span> 
     </span>
    </p>
   </div>
   <div class='ocr_carea' id='block_1_9' title="bbox 217 4190 1373 4569">
    <p class='ocr_par' dir='ltr' id='par_1_9' title="bbox 217 4190 1373 4569">
     <span class='ocr_line' id='line_1_37' title="bbox 259 4190 1372 4271; baseline 0.002 -19"><span class='ocrx_word' id='word_1_288' title='bbox 259 4195 474 4268; x_wconf 63' lang='lat' dir='ltr'><strong>litteraturae,</strong></span> <span class='ocrx_word' id='word_1_289' title='bbox 488 4198 545 4254; x_wconf 88' lang='lat' dir='ltr'><strong>etc.</strong></span> <span class='ocrx_word' id='word_1_290' title='bbox 560 4191 740 4271; x_wconf 80' lang='lat' dir='ltr'><strong>Accepimus</strong></span> <span class='ocrx_word' id='word_1_291' title='bbox 759 4193 797 4254; x_wconf 88' lang='lat' dir='ltr'><strong>ad</strong></span> <span class='ocrx_word' id='word_1_292' title='bbox 814 4195 875 4255; x_wconf 91' lang='lat' dir='ltr'><strong>Nos</strong></span> <span class='ocrx_word' id='word_1_293' title='bbox 896 4198 948 4254; x_wconf 94' lang='lat' dir='ltr'><strong>tuo</strong></span> <span class='ocrx_word' id='word_1_294' title='bbox 969 4191 1091 4253; x_wconf 89' lang='lat' dir='ltr'><strong>nomine</strong></span> <span class='ocrx_word' id='word_1_295' title='bbox 1112 4191 1213 4255; x_wconf 86' lang='lat' dir='ltr'><strong>delata</strong></span> <span class='ocrx_word' id='word_1_296' title='bbox 1230 4190 1372 4255; x_wconf 87' lang='lat' dir='ltr'><strong>undecim</strong></span> 
     </span>
     <span class='ocr_line' id='line_1_38' title="bbox 220 4288 1373 4364; baseline 0.003 -17"><span class='ocrx_word' id='word_1_297' title='bbox 220 4295 485 4352; x_wconf 89' lang='lat' dir='ltr'><strong>monumentorum</strong></span> <span class='ocrx_word' id='word_1_298' title='bbox 495 4289 682 4352; x_wconf 86' lang='lat' dir='ltr'><strong>Electoratus</strong></span> <span class='ocrx_word' id='word_1_299' title='bbox 697 4291 738 4351; x_wconf 92' lang='lat' dir='ltr'><strong>tui</strong></span> <span class='ocrx_word' id='word_1_300' title='bbox 754 4290 918 4353; x_wconf 79' lang='lat' dir='ltr'><strong>volumina.</strong></span> <span class='ocrx_word' id='word_1_301' title='bbox 933 4289 1019 4364; x_wconf 88' lang='lat' dir='ltr'><strong>Quod</strong></span> <span class='ocrx_word' id='word_1_302' title='bbox 1029 4289 1129 4351; x_wconf 90' lang='lat' dir='ltr'><strong>minus</strong></span> <span class='ocrx_word' id='word_1_303' title='bbox 1146 4288 1202 4351; x_wconf 80' lang='lat' dir='ltr'><strong>etsi</strong></span> <span class='ocrx_word' id='word_1_304' title='bbox 1217 4288 1305 4351; x_wconf 86' lang='lat' dir='ltr'><strong>vaide</strong></span> <span class='ocrx_word' id='word_1_305' title='bbox 1316 4308 1373 4351; x_wconf 84' lang='lat' dir='ltr'><strong>suo</strong></span> 
     </span>
     <span class='ocr_line' id='line_1_39' title="bbox 219 4383 1372 4469; baseline 0.005 -25"><span class='ocrx_word' id='word_1_306' title='bbox 219 4383 316 4465; x_wconf 89' lang='lat' dir='ltr'><strong>pretio</strong></span> <span class='ocrx_word' id='word_1_307' title='bbox 333 4387 571 4466; x_wconf 86' lang='lat' dir='ltr'><strong>commendetur,</strong></span> <span class='ocrx_word' id='word_1_308' title='bbox 589 4387 741 4469; x_wconf 87' lang='lat' dir='ltr'><strong>Nobisque</strong></span> <span class='ocrx_word' id='word_1_309' title='bbox 770 4388 881 4450; x_wconf 88' lang='lat' dir='ltr'><strong>idcirco</strong></span> <span class='ocrx_word' id='word_1_310' title='bbox 901 4394 1114 4469; x_wconf 85' lang='lat' dir='ltr'><strong>peracceptnm</strong></span> <span class='ocrx_word' id='word_1_311' title='bbox 1137 4387 1191 4463; x_wconf 89' lang='lat' dir='ltr'><strong>sit,</strong></span> <span class='ocrx_word' id='word_1_312' title='bbox 1212 4394 1316 4449; x_wconf 85' lang='lat' dir='ltr'><strong>tamen</strong></span> <span class='ocrx_word' id='word_1_313' title='bbox 1334 4407 1372 4450; x_wconf 89' lang='lat' dir='ltr'><strong>eo</strong></span> 
     </span>
     <span class='ocr_line' id='line_1_40' title="bbox 217 4482 1372 4569; baseline 0.008 -25"><span class='ocrx_word' id='word_1_314' title='bbox 217 4482 379 4562; x_wconf 84' lang='lat' dir='ltr'><strong>jucrurdius</strong></span> <span class='ocrx_word' id='word_1_315' title='bbox 395 4486 519 4564; x_wconf 86' lang='lat' dir='ltr'><strong>accidit,</strong></span> <span class='ocrx_word' id='word_1_316' title='bbox 538 4489 618 4568; x_wconf 81' lang='lat' dir='ltr'><strong>qrrod</strong></span> <span class='ocrx_word' id='word_1_317' title='bbox 633 4489 831 4551; x_wconf 86' lang='lat' dir='ltr'><strong>clarissimum</strong></span> <span class='ocrx_word' id='word_1_318' title='bbox 854 4507 913 4569; x_wconf 82' lang='lat' dir='ltr'><strong>pra</strong></span> <span class='ocrx_word' id='word_1_319' title='bbox 925 4506 956 4547; x_wconf 76' lang='lat' dir='ltr'><strong>sc</strong></span> <span class='ocrx_word' id='word_1_320' title='bbox 968 4486 1043 4553; x_wconf 82' lang='lat' dir='ltr'><strong>ierat</strong></span> <span class='ocrx_word' id='word_1_321' title='bbox 1058 4493 1115 4546; x_wconf 79' lang='lat' dir='ltr'><strong>turc</strong></span> <span class='ocrx_word' id='word_1_322' title='bbox 1132 4487 1160 4546; x_wconf 91' lang='lat' dir='ltr'><strong>iu</strong></span> <span class='ocrx_word' id='word_1_323' title='bbox 1176 4488 1236 4547; x_wconf 78' lang='lat' dir='ltr'><strong>uos</strong></span> <span class='ocrx_word' id='word_1_324' title='bbox 1249 4484 1372 4566; x_wconf 73' lang='lat' dir='ltr'><strong>praeta</strong></span> 
     </span>
    </p>
   </div>
   <div class='ocr_carea' id='block_1_10' title="bbox 0 0 1602 5354">
    <p class='ocr_par' dir='ltr' id='par_1_10' title="bbox 0 0 1602 5354">
     <span class='ocr_line' id='line_1_41' title="bbox 0 0 1602 5354; baseline 0 2"><span class='ocrx_word' id='word_1_325' title='bbox 0 0 1602 5354; x_wconf 95' lang='lat' dir='ltr'><strong> </strong></span> 
     </span>
    </p>
   </div>
  </div>
 </body>
</html>
