<?xml version="1.0" encoding="UTF-8"?>
<!DOCTYPE html PUBLIC "-//W3C//DTD XHTML 1.0 Transitional//EN"
    "http://www.w3.org/TR/xhtml1/DTD/xhtml1-transitional.dtd">
<html xmlns="http://www.w3.org/1999/xhtml" xml:lang="en" lang="en">
 <head>
  <title>
</title>
<meta http-equiv="Content-Type" content="text/html;charset=utf-8" />
  <meta name='ocr-system' content='tesseract 3.04.00' />
  <meta name='ocr-capabilities' content='ocr_page ocr_carea ocr_par ocr_line ocrx_word'/>
</head>
<body>
  <div class='ocr_page' id='page_1' title='image "./clementisxivpon01clemgoog_0114.png"; bbox 0 0 3194 5354; ppageno 0'>
   <div class='ocr_carea' id='block_1_1' title="bbox 374 490 1272 550">
    <p class='ocr_par' dir='ltr' id='par_1_1' title="bbox 374 490 1272 550">
     <span class='ocr_line' id='line_1_1' title="bbox 374 490 1272 550; baseline 0.007 -6"><span class='ocrx_word' id='word_1_1' title='bbox 374 490 619 544; x_wconf 79' lang='lat' dir='ltr'>EPISTOLAE-ET</span> <span class='ocrx_word' id='word_1_2' title='bbox 639 490 772 544; x_wconf 72' lang='lat' dir='ltr'><strong>situm</strong></span> <span class='ocrx_word' id='word_1_3' title='bbox 793 491 1028 546; x_wconf 72' lang='lat' dir='ltr'><strong>sunncrlont.</strong></span> <span class='ocrx_word' id='word_1_4' title='bbox 1220 499 1272 550; x_wconf 27' lang='lat' dir='ltr'><strong>,tu</strong></span> 
     </span>
    </p>
   </div>
   <div class='ocr_carea' id='block_1_2' title="bbox 122 594 1277 2637">
    <p class='ocr_par' dir='ltr' id='par_1_2' title="bbox 122 594 1277 2637">
     <span class='ocr_line' id='line_1_2' title="bbox 122 594 1271 676; baseline 0.003 -19"><span class='ocrx_word' id='word_1_5' title='bbox 122 596 180 658; x_wconf 84' lang='lat' dir='ltr'><strong>luit</strong></span> <span class='ocrx_word' id='word_1_6' title='bbox 186 594 365 675; x_wconf 76' lang='lat' dir='ltr'><strong>iucundum,</strong></span> <span class='ocrx_word' id='word_1_7' title='bbox 376 610 470 674; x_wconf 87' lang='lat' dir='ltr'><strong>quam</strong></span> <span class='ocrx_word' id='word_1_8' title='bbox 485 613 551 656; x_wconf 87' lang='lat' dir='ltr'><strong>esse</strong></span> <span class='ocrx_word' id='word_1_9' title='bbox 562 594 666 656; x_wconf 81' lang='lat' dir='ltr'>debuit</span> <span class='ocrx_word' id='word_1_10' title='bbox 679 603 710 656; x_wconf 91' lang='lat' dir='ltr'><strong>et</strong></span> <span class='ocrx_word' id='word_1_11' title='bbox 723 614 778 676; x_wconf 88' lang='lat' dir='ltr'><strong>pro</strong></span> <span class='ocrx_word' id='word_1_12' title='bbox 790 595 954 657; x_wconf 73' lang='lat' dir='ltr'><strong>doctissimi</strong></span> <span class='ocrx_word' id='word_1_13' title='bbox 966 597 1032 670; x_wconf 86' lang='lat' dir='ltr'><strong>viri,</strong></span> <span class='ocrx_word' id='word_1_14' title='bbox 1046 597 1127 658; x_wconf 89' lang='lat' dir='ltr'><strong>acde</strong></span> <span class='ocrx_word' id='word_1_15' title='bbox 1140 598 1271 661; x_wconf 81' lang='lat' dir='ltr'><strong>Ecclesia</strong></span> 
     </span>
     <span class='ocr_line' id='line_1_3' title="bbox 122 690 1274 777; baseline 0.001 -21"><span class='ocrx_word' id='word_1_16' title='bbox 122 694 264 777; x_wconf 78' lang='lat' dir='ltr'><strong>preclare</strong></span> <span class='ocrx_word' id='word_1_17' title='bbox 275 690 510 754; x_wconf 79' lang='lat' dir='ltr'><strong>meriti&#39;summa</strong></span> <span class='ocrx_word' id='word_1_18' title='bbox 526 693 715 770; x_wconf 70' lang='lat' dir='ltr'><strong>celebritate,</strong></span> <span class='ocrx_word' id='word_1_19' title='bbox 729 701 760 754; x_wconf 89' lang='lat' dir='ltr'><strong>et</strong></span> <span class='ocrx_word' id='word_1_20' title='bbox 773 708 828 774; x_wconf 89' lang='lat' dir='ltr'><strong>pru</strong></span> <span class='ocrx_word' id='word_1_21' title='bbox 840 691 980 772; x_wconf 76' lang='lat' dir='ltr'><strong>singulari</strong></span> <span class='ocrx_word' id='word_1_22' title='bbox 995 693 1088 773; x_wconf 84' lang='lat' dir='ltr'><strong>ipsius</strong></span> <span class='ocrx_word' id='word_1_23' title='bbox 1101 694 1199 775; x_wconf 88' lang='lat' dir='ltr'><strong>operis</strong></span> <span class='ocrx_word' id='word_1_24' title='bbox 1211 699 1274 757; x_wconf 89' lang='lat' dir='ltr'><strong>uti-</strong></span> 
     </span>
     <span class='ocr_line' id='line_1_4' title="bbox 123 790 1271 870; baseline -0.003 -16"><span class='ocrx_word' id='word_1_25' title='bbox 123 794 218 854; x_wconf 87' lang='lat' dir='ltr'><strong>litate.</strong></span> <span class='ocrx_word' id='word_1_26' title='bbox 241 790 350 851; x_wconf 80' lang='lat' dir='ltr'><strong>Eximii</strong></span> <span class='ocrx_word' id='word_1_27' title='bbox 372 790 506 850; x_wconf 86' lang='lat' dir='ltr'><strong>muneris</strong></span> <span class='ocrx_word' id='word_1_28' title='bbox 520 790 722 870; x_wconf 77' lang='lat' dir='ltr'><strong>prestantium</strong></span> <span class='ocrx_word' id='word_1_29' title='bbox 745 797 835 869; x_wconf 86' lang='lat' dir='ltr'><strong>auget</strong></span> <span class='ocrx_word' id='word_1_30' title='bbox 858 791 1038 851; x_wconf 78' lang='lat' dir='ltr'><strong>Litterarum</strong></span> <span class='ocrx_word' id='word_1_31' title='bbox 1058 790 1153 850; x_wconf 85' lang='lat' dir='ltr'><strong>sancti</strong></span> <span class='ocrx_word' id='word_1_32' title='bbox 1176 791 1271 852; x_wconf 85' lang='lat' dir='ltr'><strong>Caroli</strong></span> 
     </span>
     <span class='ocr_line' id='line_1_5' title="bbox 123 885 1274 966; baseline -0.006 -15"><span class='ocrx_word' id='word_1_33' title='bbox 123 887 282 951; x_wconf 78' lang='lat' dir='ltr'><strong>Borrcmei</strong></span> <span class='ocrx_word' id='word_1_34' title='bbox 294 900 451 966; x_wconf 78' lang='lat' dir='ltr'><strong>umquam</strong></span> <span class='ocrx_word' id='word_1_35' title='bbox 465 893 554 947; x_wconf 67' lang='lat' dir='ltr'><strong>anna</strong></span> <span class='ocrx_word' id='word_1_36' title='bbox 567 886 729 963; x_wconf 71' lang='lat' dir='ltr'><strong>silurus,</strong></span> <span class='ocrx_word' id='word_1_37' title='bbox 744 895 775 947; x_wconf 89' lang='lat' dir='ltr'><strong>et</strong></span> <span class='ocrx_word' id='word_1_38' title='bbox 789 885 900 947; x_wconf 85' lang='lat' dir='ltr'><strong>laboris</strong></span> <span class='ocrx_word' id='word_1_39' title='bbox 916 885 1124 965; x_wconf 65' lang='lat' dir='ltr'><strong>industriaque</strong></span> <span class='ocrx_word' id='word_1_40' title='bbox 1141 893 1200 946; x_wconf 78' lang='lat' dir='ltr'><strong>turs</strong></span> <span class='ocrx_word' id='word_1_41' title='bbox 1221 902 1274 945; x_wconf 84' lang='lat' dir='ltr'><strong>ac-</strong></span> 
     </span>
     <span class='ocr_line' id='line_1_6' title="bbox 123 981 1274 1063; baseline 0 -16"><span class='ocrx_word' id='word_1_42' title='bbox 123 986 221 1047; x_wconf 78' lang='lat' dir='ltr'><strong>cessio</strong></span> <span class='ocrx_word' id='word_1_43' title='bbox 235 985 267 1046; x_wconf 92' lang='lat' dir='ltr'><strong>iu</strong></span> <span class='ocrx_word' id='word_1_44' title='bbox 277 981 374 1045; x_wconf 81' lang='lat' dir='ltr'><strong>tn&#39;bus</strong></span> <span class='ocrx_word' id='word_1_45' title='bbox 384 982 495 1044; x_wconf 87' lang='lat' dir='ltr'><strong>Valerii</strong></span> <span class='ocrx_word' id='word_1_46' title='bbox 505 983 588 1045; x_wconf 83' lang='lat' dir='ltr'><strong>libris</strong></span> <span class='ocrx_word' id='word_1_47' title='bbox 600 984 630 1045; x_wconf 89' lang='lat' dir='ltr'><strong>in</strong></span> <span class='ocrx_word' id='word_1_48' title='bbox 645 985 781 1046; x_wconf 86' lang='lat' dir='ltr'><strong>italicum</strong></span> <span class='ocrx_word' id='word_1_49' title='bbox 799 1001 968 1046; x_wconf 71' lang='lat' dir='ltr'><strong>memorem</strong></span> <span class='ocrx_word' id='word_1_50' title='bbox 976 982 1274 1063; x_wconf 84' lang='lat' dir='ltr'><strong>elegantissimecon·</strong></span> 
     </span>
     <span class='ocr_line' id='line_1_7' title="bbox 126 1080 1273 1161; baseline -0.006 -18"><span class='ocrx_word' id='word_1_51' title='bbox 126 1081 287 1143; x_wconf 68' lang='lat' dir='ltr'><strong>metendis.</strong></span> <span class='ocrx_word' id='word_1_52' title='bbox 302 1083 369 1155; x_wconf 86' lang='lat' dir='ltr'><strong>Quo</strong></span> <span class='ocrx_word' id='word_1_53' title='bbox 381 1087 471 1161; x_wconf 84' lang='lat' dir='ltr'><strong>pecto</strong></span> <span class='ocrx_word' id='word_1_54' title='bbox 487 1096 557 1141; x_wconf 87' lang='lat' dir='ltr'><strong>cmn</strong></span> <span class='ocrx_word' id='word_1_55' title='bbox 569 1081 636 1142; x_wconf 88' lang='lat' dir='ltr'><strong>illus</strong></span> <span class='ocrx_word' id='word_1_56' title='bbox 650 1081 687 1142; x_wconf 86' lang='lat' dir='ltr'><strong>ad</strong></span> <span class='ocrx_word' id='word_1_57' title='bbox 700 1081 900 1161; x_wconf 87' lang='lat' dir='ltr'><strong>plurimorum</strong></span> <span class='ocrx_word' id='word_1_58' title='bbox 910 1080 1112 1160; x_wconf 83' lang='lat' dir='ltr'><strong>cognitionem</strong></span> <span class='ocrx_word' id='word_1_59' title='bbox 1126 1096 1273 1158; x_wconf 85' lang='lat' dir='ltr'><strong>usumque</strong></span> 
     </span>
     <span class='ocr_line' id='line_1_8' title="bbox 124 1173 1274 1258; baseline -0.004 -19"><span class='ocrx_word' id='word_1_60' title='bbox 124 1179 302 1256; x_wconf 78' lang='lat' dir='ltr'><strong>deduxeris,</strong></span> <span class='ocrx_word' id='word_1_61' title='bbox 318 1195 389 1240; x_wconf 90' lang='lat' dir='ltr'><strong>cum</strong></span> <span class='ocrx_word' id='word_1_62' title='bbox 403 1177 470 1258; x_wconf 87' lang='lat' dir='ltr'><strong>ipso</strong></span> <span class='ocrx_word' id='word_1_63' title='bbox 488 1178 734 1258; x_wconf 73' lang='lat' dir='ltr'><strong>prestantissima</strong></span> <span class='ocrx_word' id='word_1_64' title='bbox 747 1184 870 1238; x_wconf 85' lang='lat' dir='ltr'><strong>auctore</strong></span> <span class='ocrx_word' id='word_1_65' title='bbox 883 1176 1017 1256; x_wconf 78' lang='lat' dir='ltr'><strong>preclari</strong></span> <span class='ocrx_word' id='word_1_66' title='bbox 1032 1175 1135 1255; x_wconf 87' lang='lat' dir='ltr'><strong>operis</strong></span> <span class='ocrx_word' id='word_1_67' title='bbox 1155 1173 1274 1236; x_wconf 78' lang='lat' dir='ltr'><strong>laudem</strong></span> 
     </span>
     <span class='ocr_line' id='line_1_9' title="bbox 122 1272 1274 1357; baseline -0.008 -16"><span class='ocrx_word' id='word_1_68' title='bbox 122 1278 273 1357; x_wconf 86' lang='lat' dir='ltr'><strong>dividere,</strong></span> <span class='ocrx_word' id='word_1_69' title='bbox 294 1277 569 1340; x_wconf 73' lang='lat' dir='ltr'><strong>cummunicare</strong></span> <span class='ocrx_word' id='word_1_70' title='bbox 588 1277 698 1337; x_wconf 86' lang='lat' dir='ltr'><strong>merito</strong></span> <span class='ocrx_word' id='word_1_71' title='bbox 719 1273 811 1335; x_wconf 84' lang='lat' dir='ltr'><strong>videri</strong></span> <span class='ocrx_word' id='word_1_72' title='bbox 827 1281 925 1354; x_wconf 85' lang='lat' dir='ltr'><strong>potes.</strong></span> <span class='ocrx_word' id='word_1_73' title='bbox 941 1275 1103 1353; x_wconf 72' lang='lat' dir='ltr'><strong>Propterea</strong></span> <span class='ocrx_word' id='word_1_74' title='bbox 1120 1279 1150 1333; x_wconf 89' lang='lat' dir='ltr'><strong>et</strong></span> <span class='ocrx_word' id='word_1_75' title='bbox 1170 1272 1274 1351; x_wconf 81' lang='lat' dir='ltr'><strong>singu-</strong></span> 
     </span>
     <span class='ocr_line' id='line_1_10' title="bbox 122 1372 1274 1457; baseline -0.01 -19"><span class='ocrx_word' id='word_1_76' title='bbox 122 1379 201 1440; x_wconf 84' lang='lat' dir='ltr'><strong>lares</strong></span> <span class='ocrx_word' id='word_1_77' title='bbox 213 1378 269 1440; x_wconf 90' lang='lat' dir='ltr'><strong>tibi</strong></span> <span class='ocrx_word' id='word_1_78' title='bbox 283 1377 405 1457; x_wconf 79' lang='lat' dir='ltr'><strong>gratius,</strong></span> <span class='ocrx_word' id='word_1_79' title='bbox 419 1383 450 1438; x_wconf 87' lang='lat' dir='ltr'><strong>et</strong></span> <span class='ocrx_word' id='word_1_80' title='bbox 460 1374 564 1454; x_wconf 80' lang='lat' dir='ltr'><strong>judicii</strong></span> <span class='ocrx_word' id='word_1_81' title='bbox 578 1374 672 1435; x_wconf 87' lang='lat' dir='ltr'><strong>nostri</strong></span> <span class='ocrx_word' id='word_1_82' title='bbox 685 1388 778 1453; x_wconf 89' lang='lat' dir='ltr'><strong>quam</strong></span> <span class='ocrx_word' id='word_1_83' title='bbox 792 1372 1010 1452; x_wconf 80' lang='lat' dir='ltr'><strong>amplissimum</strong></span> <span class='ocrx_word' id='word_1_84' title='bbox 1023 1387 1202 1451; x_wconf 83' lang='lat' dir='ltr'><strong>possumus,</strong></span> <span class='ocrx_word' id='word_1_85' title='bbox 1216 1377 1274 1428; x_wconf 84' lang='lat' dir='ltr'><strong>tes·</strong></span> 
     </span>
     <span class='ocr_line' id='line_1_11' title="bbox 125 1469 1275 1551; baseline -0.008 -15"><span class='ocrx_word' id='word_1_86' title='bbox 125 1476 284 1538; x_wconf 84' lang='lat' dir='ltr'><strong>timonium</strong></span> <span class='ocrx_word' id='word_1_87' title='bbox 303 1475 385 1539; x_wconf 82' lang='lat' dir='ltr'><strong>bisce</strong></span> <span class='ocrx_word' id='word_1_88' title='bbox 400 1473 506 1536; x_wconf 88' lang='lat' dir='ltr'><strong>litteris</strong></span> <span class='ocrx_word' id='word_1_89' title='bbox 523 1473 687 1534; x_wconf 87' lang='lat' dir='ltr'><strong>reddimus.</strong></span> <span class='ocrx_word' id='word_1_90' title='bbox 703 1472 803 1551; x_wconf 70' lang='lat' dir='ltr'><strong>&#39;Atque</strong></span> <span class='ocrx_word' id='word_1_91' title='bbox 825 1471 883 1531; x_wconf 90' lang='lat' dir='ltr'><strong>boc</strong></span> <span class='ocrx_word' id='word_1_92' title='bbox 898 1469 1020 1550; x_wconf 84' lang='lat' dir='ltr'><strong>quidem</strong></span> <span class='ocrx_word' id='word_1_93' title='bbox 1039 1469 1203 1550; x_wconf 90' lang='lat' dir='ltr'><strong>plurimum</strong></span> <span class='ocrx_word' id='word_1_94' title='bbox 1217 1484 1275 1528; x_wconf 88' lang='lat' dir='ltr'><strong>cu·</strong></span> 
     </span>
     <span class='ocr_line' id='line_1_12' title="bbox 123 1563 1275 1652; baseline -0.009 -18"><span class='ocrx_word' id='word_1_95' title='bbox 123 1573 233 1635; x_wconf 84' lang='lat' dir='ltr'><strong>mutari</strong></span> <span class='ocrx_word' id='word_1_96' title='bbox 244 1571 408 1634; x_wconf 82' lang='lat' dir='ltr'><strong>existimes.</strong></span> <span class='ocrx_word' id='word_1_97' title='bbox 419 1570 463 1632; x_wconf 84' lang='lat' dir='ltr'><strong>Ex</strong></span> <span class='ocrx_word' id='word_1_98' title='bbox 476 1575 632 1652; x_wconf 83' lang='lat' dir='ltr'><strong>perspectu</strong></span> <span class='ocrx_word' id='word_1_99' title='bbox 643 1569 735 1630; x_wconf 90' lang='lat' dir='ltr'><strong>Nubis</strong></span> <span class='ocrx_word' id='word_1_100' title='bbox 747 1569 799 1630; x_wconf 89' lang='lat' dir='ltr'><strong>illo</strong></span> <span class='ocrx_word' id='word_1_101' title='bbox 808 1565 1059 1630; x_wconf 81' lang='lat' dir='ltr'><strong>tucBibliutbuca</strong></span> <span class='ocrx_word' id='word_1_102' title='bbox 1065 1563 1275 1646; x_wconf 77' lang='lat' dir='ltr'><strong>computande</strong></span> 
     </span>
     <span class='ocr_line' id='line_1_13' title="bbox 122 1662 1273 1751; baseline -0.007 -19"><span class='ocrx_word' id='word_1_103' title='bbox 122 1668 365 1751; x_wconf 80' lang='lat' dir='ltr'><strong>instruendaque</strong></span> <span class='ocrx_word' id='word_1_104' title='bbox 388 1669 532 1745; x_wconf 81' lang='lat' dir='ltr'><strong>comitio,</strong></span> <span class='ocrx_word' id='word_1_105' title='bbox 556 1666 638 1750; x_wconf 89' lang='lat' dir='ltr'><strong>quod</strong></span> <span class='ocrx_word' id='word_1_106' title='bbox 660 1667 797 1729; x_wconf 88' lang='lat' dir='ltr'><strong>astudio</strong></span> <span class='ocrx_word' id='word_1_107' title='bbox 818 1675 907 1747; x_wconf 82' lang='lat' dir='ltr'><strong>atque</strong></span> <span class='ocrx_word' id='word_1_108' title='bbox 934 1666 1042 1727; x_wconf 82' lang='lat' dir='ltr'><strong>ardore</strong></span> <span class='ocrx_word' id='word_1_109' title='bbox 1062 1662 1273 1746; x_wconf 76' lang='lat' dir='ltr'><strong>promovende</strong></span> 
     </span>
     <span class='ocr_line' id='line_1_14' title="bbox 123 1762 1273 1849; baseline -0.004 -18"><span class='ocrx_word' id='word_1_110' title='bbox 123 1769 305 1847; x_wconf 86' lang='lat' dir='ltr'><strong>communis,</strong></span> <span class='ocrx_word' id='word_1_111' title='bbox 322 1784 358 1830; x_wconf 81' lang='lat' dir='ltr'><strong>ac</strong></span> <span class='ocrx_word' id='word_1_112' title='bbox 381 1767 420 1829; x_wconf 89' lang='lat' dir='ltr'><strong>ud</strong></span> <span class='ocrx_word' id='word_1_113' title='bbox 441 1773 576 1849; x_wconf 87' lang='lat' dir='ltr'><strong>posteros</strong></span> <span class='ocrx_word' id='word_1_114' title='bbox 599 1766 691 1828; x_wconf 82' lang='lat' dir='ltr'><strong>etiam</strong></span> <span class='ocrx_word' id='word_1_115' title='bbox 710 1765 908 1847; x_wconf 74' lang='lat' dir='ltr'><strong>propaganda</strong></span> <span class='ocrx_word' id='word_1_116' title='bbox 926 1762 1062 1828; x_wconf 79' lang='lat' dir='ltr'><strong>utilitatis</strong></span> <span class='ocrx_word' id='word_1_117' title='bbox 1084 1782 1120 1827; x_wconf 88' lang='lat' dir='ltr'><strong>ac</strong></span> <span class='ocrx_word' id='word_1_118' title='bbox 1146 1764 1273 1844; x_wconf 85' lang='lat' dir='ltr'><strong>augendi</strong></span> 
     </span>
     <span class='ocr_line' id='line_1_15' title="bbox 124 1862 1274 1946; baseline -0.002 -22"><span class='ocrx_word' id='word_1_119' title='bbox 124 1865 213 1926; x_wconf 78' lang='lat' dir='ltr'><strong>istius</strong></span> <span class='ocrx_word' id='word_1_120' title='bbox 230 1864 429 1946; x_wconf 78' lang='lat' dir='ltr'><strong>Epismpatus</strong></span> <span class='ocrx_word' id='word_1_121' title='bbox 440 1863 607 1944; x_wconf 53' lang='lat' dir='ltr'><strong>morderis</strong></span> <span class='ocrx_word' id='word_1_122' title='bbox 628 1863 799 1944; x_wconf 86' lang='lat' dir='ltr'><strong>proiectum</strong></span> <span class='ocrx_word' id='word_1_123' title='bbox 815 1863 1014 1942; x_wconf 71' lang='lat' dir='ltr'><strong>agnoscimus,</strong></span> <span class='ocrx_word' id='word_1_124' title='bbox 1029 1871 1145 1943; x_wconf 73' lang='lat' dir='ltr'><strong>tueque</strong></span> <span class='ocrx_word' id='word_1_125' title='bbox 1158 1862 1274 1924; x_wconf 90' lang='lat' dir='ltr'><strong>doctri-</strong></span> 
     </span>
     <span class='ocr_line' id='line_1_16' title="bbox 123 1961 1274 2041; baseline 0.001 -19"><span class='ocrx_word' id='word_1_126' title='bbox 123 1978 186 2038; x_wconf 71' lang='lat' dir='ltr'><strong>ne,</strong></span> <span class='ocrx_word' id='word_1_127' title='bbox 202 1978 240 2022; x_wconf 79' lang='lat' dir='ltr'><strong>ac</strong></span> <span class='ocrx_word' id='word_1_128' title='bbox 253 1961 421 2041; x_wconf 79' lang='lat' dir='ltr'><strong>Episcopali</strong></span> <span class='ocrx_word' id='word_1_129' title='bbox 442 1961 558 2022; x_wconf 87' lang='lat' dir='ltr'><strong>muneri</strong></span> <span class='ocrx_word' id='word_1_130' title='bbox 570 1967 803 2022; x_wconf 79' lang='lat' dir='ltr'><strong>consentaneum</strong></span> <span class='ocrx_word' id='word_1_131' title='bbox 816 1961 971 2036; x_wconf 88' lang='lat' dir='ltr'><strong>ducimus,</strong></span> <span class='ocrx_word' id='word_1_132' title='bbox 990 1979 1026 2022; x_wconf 86' lang='lat' dir='ltr'><strong>ac</strong></span> <span class='ocrx_word' id='word_1_133' title='bbox 1047 1961 1174 2023; x_wconf 83' lang='lat' dir='ltr'><strong>mirifice</strong></span> <span class='ocrx_word' id='word_1_134' title='bbox 1191 1977 1274 2023; x_wconf 85' lang='lat' dir='ltr'><strong>conr·</strong></span> 
     </span>
     <span class='ocr_line' id='line_1_17' title="bbox 127 2056 1274 2139; baseline 0.001 -21"><span class='ocrx_word' id='word_1_135' title='bbox 127 2056 315 2118; x_wconf 87' lang='lat' dir='ltr'><strong>mendamus.</strong></span> <span class='ocrx_word' id='word_1_136' title='bbox 343 2060 386 2117; x_wconf 75' lang='lat' dir='ltr'><strong>lix</strong></span> <span class='ocrx_word' id='word_1_137' title='bbox 408 2074 469 2136; x_wconf 88' lang='lat' dir='ltr'><strong>quo</strong></span> <span class='ocrx_word' id='word_1_138' title='bbox 482 2056 570 2117; x_wconf 85' lang='lat' dir='ltr'><strong>iacile</strong></span> <span class='ocrx_word' id='word_1_139' title='bbox 589 2056 683 2118; x_wconf 83' lang='lat' dir='ltr'><strong>ctiam</strong></span> <span class='ocrx_word' id='word_1_140' title='bbox 700 2057 866 2136; x_wconf 86' lang='lat' dir='ltr'><strong>intelliges,</strong></span> <span class='ocrx_word' id='word_1_141' title='bbox 878 2058 1063 2120; x_wconf 74' lang='lat' dir='ltr'><strong>venerabilis</strong></span> <span class='ocrx_word' id='word_1_142' title='bbox 1077 2058 1190 2134; x_wconf 75' lang='lat' dir='ltr'><strong>Frater,</strong></span> <span class='ocrx_word' id='word_1_143' title='bbox 1208 2076 1274 2139; x_wconf 84' lang='lat' dir='ltr'><strong>quae</strong></span> 
     </span>
     <span class='ocr_line' id='line_1_18' title="bbox 128 2154 1273 2236; baseline -0.002 -19"><span class='ocrx_word' id='word_1_144' title='bbox 128 2164 231 2217; x_wconf 87' lang='lat' dir='ltr'><strong>nostra</strong></span> <span class='ocrx_word' id='word_1_145' title='bbox 245 2157 301 2233; x_wconf 86' lang='lat' dir='ltr'><strong>sit,</strong></span> <span class='ocrx_word' id='word_1_146' title='bbox 320 2163 351 2217; x_wconf 90' lang='lat' dir='ltr'><strong>et</strong></span> <span class='ocrx_word' id='word_1_147' title='bbox 368 2174 460 2236; x_wconf 87' lang='lat' dir='ltr'><strong>quam</strong></span> <span class='ocrx_word' id='word_1_148' title='bbox 478 2154 594 2235; x_wconf 86' lang='lat' dir='ltr'><strong>prolixa</strong></span> <span class='ocrx_word' id='word_1_149' title='bbox 605 2154 645 2215; x_wconf 90' lang='lat' dir='ltr'><strong>de</strong></span> <span class='ocrx_word' id='word_1_150' title='bbox 659 2160 689 2215; x_wconf 92' lang='lat' dir='ltr'><strong>te</strong></span> <span class='ocrx_word' id='word_1_151' title='bbox 701 2155 882 2216; x_wconf 83' lang='lat' dir='ltr'><strong>existimatio</strong></span> <span class='ocrx_word' id='word_1_152' title='bbox 894 2201 902 2226; x_wconf 91' lang='lat'><strong><em>‚</em></strong></span> <span class='ocrx_word' id='word_1_153' title='bbox 916 2156 964 2216; x_wconf 88' lang='lat' dir='ltr'><strong>cui</strong></span> <span class='ocrx_word' id='word_1_154' title='bbox 977 2172 1080 2235; x_wconf 90' lang='lat' dir='ltr'><strong>parem</strong></span> <span class='ocrx_word' id='word_1_155' title='bbox 1092 2155 1273 2235; x_wconf 88' lang='lat' dir='ltr'><strong>respondere</strong></span> 
     </span>
     <span class='ocr_line' id='line_1_19' title="bbox 128 2251 1276 2337; baseline 0.003 -24"><span class='ocrx_word' id='word_1_156' title='bbox 128 2253 386 2329; x_wconf 87' lang='lat' dir='ltr'><strong>benevolentiam,</strong></span> <span class='ocrx_word' id='word_1_157' title='bbox 401 2260 435 2314; x_wconf 91' lang='lat' dir='ltr'><strong>ut</strong></span> <span class='ocrx_word' id='word_1_158' title='bbox 451 2270 629 2333; x_wconf 86' lang='lat' dir='ltr'><strong>persuasum</strong></span> <span class='ocrx_word' id='word_1_159' title='bbox 648 2251 703 2312; x_wconf 89' lang='lat' dir='ltr'><strong>tibi</strong></span> <span class='ocrx_word' id='word_1_160' title='bbox 718 2253 847 2313; x_wconf 88' lang='lat' dir='ltr'><strong>maxime</strong></span> <span class='ocrx_word' id='word_1_161' title='bbox 870 2272 934 2314; x_wconf 89' lang='lat' dir='ltr'><strong>esse</strong></span> <span class='ocrx_word' id='word_1_162' title='bbox 952 2254 1064 2334; x_wconf 89' lang='lat' dir='ltr'><strong>possit,</strong></span> <span class='ocrx_word' id='word_1_163' title='bbox 1080 2255 1165 2315; x_wconf 84' lang='lat' dir='ltr'><strong>valde</strong></span> <span class='ocrx_word' id='word_1_164' title='bbox 1187 2258 1276 2337; x_wconf 89' lang='lat' dir='ltr'><strong>cupi-</strong></span> 
     </span>
     <span class='ocr_line' id='line_1_20' title="bbox 129 2347 1275 2430; baseline -0.001 -21"><span class='ocrx_word' id='word_1_165' title='bbox 129 2369 197 2411; x_wconf 93' lang='lat' dir='ltr'><strong>mus</strong></span> <span class='ocrx_word' id='word_1_166' title='bbox 214 2349 398 2430; x_wconf 87' lang='lat' dir='ltr'><strong>suppeditari</strong></span> <span class='ocrx_word' id='word_1_167' title='bbox 417 2348 509 2410; x_wconf 89' lang='lat' dir='ltr'><strong>Nobis</strong></span> <span class='ocrx_word' id='word_1_168' title='bbox 525 2347 780 2429; x_wconf 85' lang='lat' dir='ltr'><strong>opportunitates,</strong></span> <span class='ocrx_word' id='word_1_169' title='bbox 799 2348 908 2428; x_wconf 90' lang='lat' dir='ltr'><strong>quibus</strong></span> <span class='ocrx_word' id='word_1_170' title='bbox 932 2350 1082 2429; x_wconf 78' lang='lat' dir='ltr'><strong>egregiam</strong></span> <span class='ocrx_word' id='word_1_171' title='bbox 1097 2350 1175 2411; x_wconf 89' lang='lat' dir='ltr'><strong>banc</strong></span> <span class='ocrx_word' id='word_1_172' title='bbox 1189 2350 1226 2410; x_wconf 90' lang='lat' dir='ltr'><strong>de</strong></span> <span class='ocrx_word' id='word_1_173' title='bbox 1247 2359 1275 2408; x_wconf 86' lang='lat' dir='ltr'><strong>tc</strong></span> 
     </span>
     <span class='ocr_line' id='line_1_21' title="bbox 129 2446 1276 2527; baseline 0.001 -23"><span class='ocrx_word' id='word_1_174' title='bbox 129 2448 315 2509; x_wconf 77' lang='lat' dir='ltr'><strong>voluntatem</strong></span> <span class='ocrx_word' id='word_1_175' title='bbox 334 2465 437 2509; x_wconf 84' lang='lat' dir='ltr'><strong>revera</strong></span> <span class='ocrx_word' id='word_1_176' title='bbox 451 2446 504 2509; x_wconf 89' lang='lat' dir='ltr'><strong>tibi</strong></span> <span class='ocrx_word' id='word_1_177' title='bbox 522 2447 765 2527; x_wconf 87' lang='lat' dir='ltr'><strong>comprobemus.</strong></span> <span class='ocrx_word' id='word_1_178' title='bbox 782 2448 826 2508; x_wconf 75' lang='lat' dir='ltr'><strong>Ac</strong></span> <span class='ocrx_word' id='word_1_179' title='bbox 837 2446 867 2508; x_wconf 92' lang='lat' dir='ltr'><strong>in</strong></span> <span class='ocrx_word' id='word_1_180' title='bbox 889 2446 1050 2507; x_wconf 81' lang='lat' dir='ltr'><strong>Pontificie</strong></span> <span class='ocrx_word' id='word_1_181' title='bbox 1064 2447 1196 2508; x_wconf 84' lang='lat' dir='ltr'><strong>caritatis</strong></span> <span class='ocrx_word' id='word_1_182' title='bbox 1214 2447 1276 2527; x_wconf 87' lang='lat' dir='ltr'><strong>pig-</strong></span> 
     </span>
     <span class='ocr_line' id='line_1_22' title="bbox 130 2543 1277 2637; baseline 0.001 -32"><span class='ocrx_word' id='word_1_183' title='bbox 130 2562 186 2605; x_wconf 89' lang='lat' dir='ltr'><strong>nus</strong></span> <span class='ocrx_word' id='word_1_184' title='bbox 207 2544 403 2626; x_wconf 86' lang='lat' dir='ltr'><strong>apostolicam</strong></span> <span class='ocrx_word' id='word_1_185' title='bbox 420 2543 659 2608; x_wconf 87' lang='lat' dir='ltr'><strong>benedictionem</strong></span> <span class='ocrx_word' id='word_1_186' title='bbox 674 2545 744 2621; x_wconf 87' lang='lat' dir='ltr'><strong>tibi,</strong></span> <span class='ocrx_word' id='word_1_187' title='bbox 759 2545 943 2608; x_wconf 89' lang='lat' dir='ltr'><strong>Venerabilis</strong></span> <span class='ocrx_word' id='word_1_188' title='bbox 956 2548 1077 2637; x_wconf 71' lang='lat' dir='ltr'><strong>Frater,</strong></span> <span class='ocrx_word' id='word_1_189' title='bbox 1086 2553 1277 2627; x_wconf 86' lang='lat' dir='ltr'><strong>peramanter</strong></span> 
     </span>
    </p>
   </div>
   <div class='ocr_carea' id='block_1_3' title="bbox 128 2636 1277 2799">
    <p class='ocr_par' dir='ltr' id='par_1_3' title="bbox 128 2636 1277 2799">
     <span class='ocr_line' id='line_1_23' title="bbox 128 2636 1277 2725; baseline -0.001 -21"><span class='ocrx_word' id='word_1_190' title='bbox 128 2636 329 2725; x_wconf 84' lang='lat' dir='ltr'><strong>impertimur.</strong></span> <span class='ocrx_word' id='word_1_191' title='bbox 346 2646 459 2705; x_wconf 85' lang='lat' dir='ltr'><strong>Datum</strong></span> <span class='ocrx_word' id='word_1_192' title='bbox 474 2646 585 2713; x_wconf 85' lang='lat' dir='ltr'><strong>llomoe,</strong></span> <span class='ocrx_word' id='word_1_193' title='bbox 597 2650 665 2719; x_wconf 78' lang='lat' dir='ltr'><strong>etc,</strong></span> <span class='ocrx_word' id='word_1_194' title='bbox 678 2640 728 2702; x_wconf 84' lang='lat' dir='ltr'><strong>die</strong></span> <span class='ocrx_word' id='word_1_195' title='bbox 743 2644 863 2719; x_wconf 76' lang='lat' dir='ltr'><strong>aojrtlti</strong></span> <span class='ocrx_word' id='word_1_196' title='bbox 876 2652 960 2719; x_wconf 68' lang='lat' dir='ltr'><strong>rito,</strong></span> <span class='ocrx_word' id='word_1_197' title='bbox 974 2642 1166 2722; x_wconf 76' lang='lat' dir='ltr'><strong>pontificatur</strong></span> <span class='ocrx_word' id='word_1_198' title='bbox 1181 2649 1277 2704; x_wconf 77' lang='lat' dir='ltr'><strong>nostri</strong></span> 
     </span>
     <span class='ocr_line' id='line_1_24' title="bbox 128 2739 359 2799; baseline 0.004 -3"><span class='ocrx_word' id='word_1_199' title='bbox 128 2755 207 2797; x_wconf 83' lang='lat' dir='ltr'><strong>anno</strong></span> <span class='ocrx_word' id='word_1_200' title='bbox 220 2739 359 2799; x_wconf 78' lang='lat' dir='ltr'><strong>secundo.</strong></span> 
     </span>
    </p>
   </div>
   <div class='ocr_carea' id='block_1_4' title="bbox 610 2851 793 2861">
    <p class='ocr_par' dir='ltr' id='par_1_4' title="bbox 610 2851 793 2861">
     <span class='ocr_line' id='line_1_25' title="bbox 610 2851 793 2861; baseline 0 -1"><span class='ocrx_word' id='word_1_201' title='bbox 610 2851 793 2861; x_wconf 48' lang='grc' dir='ltr'>...ι-..ᾑ-</span> 
     </span>
    </p>
   </div>
   <div class='ocr_carea' id='block_1_5' title="bbox 658 2959 743 3027">
    <p class='ocr_par' dir='ltr' id='par_1_5' title="bbox 658 2959 743 3027">
     <span class='ocr_line' id='line_1_26' title="bbox 658 2959 743 3027; baseline 0 -1"><span class='ocrx_word' id='word_1_202' title='bbox 658 2959 743 3027; x_wconf 82' lang='lat' dir='ltr'><strong>xci.</strong></span> 
     </span>
    </p>
   </div>
   <div class='ocr_carea' id='block_1_6' title="bbox 389 3115 1020 3282">
    <p class='ocr_par' dir='ltr' id='par_1_6' title="bbox 389 3115 1020 3282">
     <span class='ocr_line' id='line_1_27' title="bbox 586 3115 822 3156; baseline 0.004 -1"><span class='ocrx_word' id='word_1_203' title='bbox 586 3115 713 3156; x_wconf 79' lang='lat' dir='ltr'><strong>utnscru</strong></span> <span class='ocrx_word' id='word_1_204' title='bbox 737 3117 822 3156; x_wconf 79' lang='lat' dir='ltr'><strong>urcio</strong></span> 
     </span>
     <span class='ocr_line' id='line_1_28' title="bbox 389 3219 1020 3282; baseline 0.003 -4"><span class='ocrx_word' id='word_1_205' title='bbox 389 3219 569 3280; x_wconf 75' lang='lat' dir='ltr'><strong>anduno</strong></span> <span class='ocrx_word' id='word_1_206' title='bbox 608 3221 761 3281; x_wconf 74' lang='lat' dir='ltr'>MARIAE</span> <span class='ocrx_word' id='word_1_207' title='bbox 803 3222 1020 3282; x_wconf 79' lang='lat' dir='ltr'><strong>BANDINIO</strong></span> 
     </span>
    </p>
   </div>
   <div class='ocr_carea' id='block_1_7' title="bbox 441 3344 1080 3430">
    <p class='ocr_par' dir='ltr' id='par_1_7' title="bbox 441 3344 1080 3430">
     <span class='ocr_line' id='line_1_29' title="bbox 441 3344 1080 3430; baseline 0.014 -9"><span class='ocrx_word' id='word_1_208' title='bbox 441 3344 674 3423; x_wconf 83' lang='lat' dir='ltr'>CLEMENS</span> <span class='ocrx_word' id='word_1_209' title='bbox 702 3346 828 3423; x_wconf 84' lang='lat' dir='ltr'><strong>PAPA</strong></span> <span class='ocrx_word' id='word_1_210' title='bbox 857 3345 962 3422; x_wconf 67' lang='lat' dir='ltr'><strong>xlii</strong></span> <span class='ocrx_word' id='word_1_211' title='bbox 1078 3426 1080 3430; x_wconf 79' lang='grc'>,</span> 
     </span>
    </p>
   </div>
   <div class='ocr_carea' id='block_1_8' title="bbox 926 3496 1212 3557">
    <p class='ocr_par' dir='ltr' id='par_1_8' title="bbox 926 3496 1212 3557">
     <span class='ocr_line' id='line_1_30' title="bbox 926 3496 1212 3557; baseline 0.003 -12"><span class='ocrx_word' id='word_1_212' title='bbox 926 3500 1019 3553; x_wconf 76' lang='lat' dir='ltr'><strong>Rome.</strong></span> <span class='ocrx_word' id='word_1_213' title='bbox 1034 3503 1062 3546; x_wconf 81' lang='lat'><strong>28</strong></span> <span class='ocrx_word' id='word_1_214' title='bbox 1074 3496 1128 3557; x_wconf 80' lang='lat' dir='ltr'><strong>iulii</strong></span> <span class='ocrx_word' id='word_1_215' title='bbox 1145 3501 1212 3546; x_wconf 82' lang='lat'><strong>1770.</strong></span> 
     </span>
    </p>
   </div>
   <div class='ocr_carea' id='block_1_9' title="bbox 41 3594 1363 4568">
    <p class='ocr_par' dir='ltr' id='par_1_9' title="bbox 41 3594 1363 4568">
     <span class='ocr_line' id='line_1_31' title="bbox 41 3594 1276 3679; baseline 0.001 -19"><span class='ocrx_word' id='word_1_216' title='bbox 41 3623 44 3627; x_wconf 50' lang='lat'><strong>⁴</strong></span> <span class='ocrx_word' id='word_1_217' title='bbox 170 3594 300 3672; x_wconf 69' lang='lat' dir='ltr'><strong>ultera,</strong></span> <span class='ocrx_word' id='word_1_218' title='bbox 317 3607 373 3660; x_wconf 81' lang='lat' dir='ltr'><strong>etc.</strong></span> <span class='ocrx_word' id='word_1_219' title='bbox 387 3601 452 3663; x_wconf 81' lang='lat' dir='ltr'><strong>Una</strong></span> <span class='ocrx_word' id='word_1_220' title='bbox 463 3618 533 3663; x_wconf 87' lang='lat' dir='ltr'><strong>cum</strong></span> <span class='ocrx_word' id='word_1_221' title='bbox 544 3601 650 3663; x_wconf 77' lang='lat' dir='ltr'><strong>liberis</strong></span> <span class='ocrx_word' id='word_1_222' title='bbox 661 3601 720 3663; x_wconf 86' lang='lat' dir='ltr'><strong>tuis</strong></span> <span class='ocrx_word' id='word_1_223' title='bbox 736 3602 793 3663; x_wconf 88' lang='lat' dir='ltr'><strong>tria</strong></span> <span class='ocrx_word' id='word_1_224' title='bbox 806 3603 976 3662; x_wconf 78' lang='lat' dir='ltr'><strong>Graecorum</strong></span> <span class='ocrx_word' id='word_1_225' title='bbox 990 3600 1133 3662; x_wconf 82' lang='lat' dir='ltr'><strong>Codicum</strong></span> <span class='ocrx_word' id='word_1_226' title='bbox 1146 3601 1276 3679; x_wconf 84' lang='lat' dir='ltr'><strong>Catalcgi</strong></span> 
     </span>
     <span class='ocr_line' id='line_1_32' title="bbox 132 3697 1278 3782; baseline 0.006 -26"><span class='ocrx_word' id='word_1_227' title='bbox 132 3705 192 3759; x_wconf 88' lang='lat' dir='ltr'><strong>ate</strong></span> <span class='ocrx_word' id='word_1_228' title='bbox 205 3697 276 3761; x_wconf 87' lang='lat' dir='ltr'><strong>editi</strong></span> <span class='ocrx_word' id='word_1_229' title='bbox 296 3698 449 3760; x_wconf 88' lang='lat' dir='ltr'><strong>volumina</strong></span> <span class='ocrx_word' id='word_1_230' title='bbox 460 3700 640 3779; x_wconf 88' lang='lat' dir='ltr'><strong>perlibenter</strong></span> <span class='ocrx_word' id='word_1_231' title='bbox 655 3701 836 3780; x_wconf 82' lang='lat' dir='ltr'><strong>accepimus,</strong></span> <span class='ocrx_word' id='word_1_232' title='bbox 851 3701 958 3761; x_wconf 88' lang='lat' dir='ltr'><strong>dilecte</strong></span> <span class='ocrx_word' id='word_1_233' title='bbox 973 3701 1026 3776; x_wconf 85' lang='lat' dir='ltr'><strong>fili,</strong></span> <span class='ocrx_word' id='word_1_234' title='bbox 1046 3707 1189 3780; x_wconf 86' lang='lat' dir='ltr'><strong>tanquam</strong></span> <span class='ocrx_word' id='word_1_235' title='bbox 1206 3721 1278 3782; x_wconf 77' lang='lat' dir='ltr'><strong>prae·</strong></span> 
     </span>
     <span class='ocr_line' id='line_1_33' title="bbox 132 3794 1363 3878; baseline 0.001 -24"><span class='ocrx_word' id='word_1_236' title='bbox 132 3794 247 3856; x_wconf 89' lang='lat' dir='ltr'><strong>clarum</strong></span> <span class='ocrx_word' id='word_1_237' title='bbox 265 3802 322 3857; x_wconf 82' lang='lat' dir='ltr'><strong>tuae</strong></span> <span class='ocrx_word' id='word_1_238' title='bbox 336 3814 395 3857; x_wconf 91' lang='lat' dir='ltr'><strong>uon</strong></span> <span class='ocrx_word' id='word_1_239' title='bbox 410 3797 510 3858; x_wconf 88' lang='lat' dir='ltr'><strong>minus</strong></span> <span class='ocrx_word' id='word_1_240' title='bbox 523 3816 593 3876; x_wconf 86' lang='lat' dir='ltr'><strong>erga</strong></span> <span class='ocrx_word' id='word_1_241' title='bbox 604 3799 676 3873; x_wconf 87' lang='lat' dir='ltr'><strong>Nos,</strong></span> <span class='ocrx_word' id='word_1_242' title='bbox 692 3817 728 3858; x_wconf 87' lang='lat' dir='ltr'><strong>ac</strong></span> <span class='ocrx_word' id='word_1_243' title='bbox 746 3798 942 3878; x_wconf 85' lang='lat' dir='ltr'><strong>apostolicam</strong></span> <span class='ocrx_word' id='word_1_244' title='bbox 956 3798 1033 3858; x_wconf 84' lang='lat' dir='ltr'><strong>banc</strong></span> <span class='ocrx_word' id='word_1_245' title='bbox 1053 3797 1160 3859; x_wconf 89' lang='lat' dir='ltr'><strong>Sedem</strong></span> <span class='ocrx_word' id='word_1_246' title='bbox 1172 3799 1279 3861; x_wconf 87' lang='lat' dir='ltr'><strong>obser·</strong></span> <span class='ocrx_word' id='word_1_247' title='bbox 1361 3851 1363 3855; x_wconf 76' lang='grc'>,</span> 
     </span>
     <span class='ocr_line' id='line_1_34' title="bbox 134 3890 1278 3973; baseline 0.005 -25"><span class='ocrx_word' id='word_1_248' title='bbox 134 3890 311 3954; x_wconf 72' lang='lat' dir='ltr'><strong>ranmsimae</strong></span> <span class='ocrx_word' id='word_1_249' title='bbox 325 3891 588 3973; x_wconf 78' lang='lat' dir='ltr'><strong>voluptatisquam</strong></span> <span class='ocrx_word' id='word_1_250' title='bbox 601 3893 745 3954; x_wconf 78' lang='lat' dir='ltr'><strong>doctrine</strong></span> <span class='ocrx_word' id='word_1_251' title='bbox 756 3893 983 3972; x_wconf 85' lang='lat' dir='ltr'><strong>studicrumque</strong></span> <span class='ocrx_word' id='word_1_252' title='bbox 993 3893 1209 3955; x_wconf 84' lang='lat' dir='ltr'><strong>testimonium.</strong></span> <span class='ocrx_word' id='word_1_253' title='bbox 1223 3895 1278 3954; x_wconf 65' lang='lat' dir='ltr'><strong>Ne*-</strong></span> 
     </span>
     <span class='ocr_line' id='line_1_35' title="bbox 131 3988 1278 4070; baseline 0.002 -22"><span class='ocrx_word' id='word_1_254' title='bbox 131 4005 190 4066; x_wconf 87' lang='lat' dir='ltr'><strong>que</strong></span> <span class='ocrx_word' id='word_1_255' title='bbox 204 3988 284 4050; x_wconf 90' lang='lat' dir='ltr'><strong>enim</strong></span> <span class='ocrx_word' id='word_1_256' title='bbox 295 3989 540 4052; x_wconf 83' lang='lat' dir='ltr'><strong>luculentioribus</strong></span> <span class='ocrx_word' id='word_1_257' title='bbox 554 3990 670 4052; x_wconf 88' lang='lat' dir='ltr'><strong>indiciis</strong></span> <span class='ocrx_word' id='word_1_258' title='bbox 682 3998 767 4052; x_wconf 93' lang='lat' dir='ltr'><strong>tuum</strong></span> <span class='ocrx_word' id='word_1_259' title='bbox 779 3990 816 4051; x_wconf 91' lang='lat' dir='ltr'><strong>de</strong></span> <span class='ocrx_word' id='word_1_260' title='bbox 830 3999 933 4053; x_wconf 87' lang='lat' dir='ltr'><strong>nostro</strong></span> <span class='ocrx_word' id='word_1_261' title='bbox 944 3991 1123 4053; x_wconf 84' lang='lat' dir='ltr'><strong>Pontificatu</strong></span> <span class='ocrx_word' id='word_1_262' title='bbox 1135 3991 1278 4070; x_wconf 84' lang='lat' dir='ltr'><strong>gaudium</strong></span> 
     </span>
     <span class='ocr_line' id='line_1_36' title="bbox 131 4085 1278 4169; baseline 0.003 -23"><span class='ocrx_word' id='word_1_263' title='bbox 131 4085 298 4168; x_wconf 81' lang='lat' dir='ltr'><strong>significare</strong></span> <span class='ocrx_word' id='word_1_264' title='bbox 313 4088 404 4149; x_wconf 90' lang='lat' dir='ltr'><strong>Nobis</strong></span> <span class='ocrx_word' id='word_1_265' title='bbox 421 4089 564 4168; x_wconf 87' lang='lat' dir='ltr'><strong>potuisti,</strong></span> <span class='ocrx_word' id='word_1_266' title='bbox 583 4108 678 4168; x_wconf 84' lang='lat' dir='ltr'><strong>quam</strong></span> <span class='ocrx_word' id='word_1_267' title='bbox 701 4089 849 4167; x_wconf 84' lang='lat' dir='ltr'><strong>ejusmodi</strong></span> <span class='ocrx_word' id='word_1_268' title='bbox 867 4089 972 4166; x_wconf 89' lang='lat' dir='ltr'><strong>rebus,</strong></span> <span class='ocrx_word' id='word_1_269' title='bbox 994 4107 1060 4169; x_wconf 82' lang='lat' dir='ltr'><strong>que</strong></span> <span class='ocrx_word' id='word_1_270' title='bbox 1074 4089 1112 4149; x_wconf 92' lang='lat' dir='ltr'><strong>ad</strong></span> <span class='ocrx_word' id='word_1_271' title='bbox 1131 4089 1278 4150; x_wconf 87' lang='lat' dir='ltr'><strong>bonarum</strong></span> 
     </span>
     <span class='ocr_line' id='line_1_37' title="bbox 133 4181 1277 4266; baseline 0.009 -27"><span class='ocrx_word' id='word_1_272' title='bbox 133 4181 241 4243; x_wconf 87' lang='lat' dir='ltr'><strong>artium</strong></span> <span class='ocrx_word' id='word_1_273' title='bbox 255 4183 391 4261; x_wconf 92' lang='lat' dir='ltr'><strong>cultum,</strong></span> <span class='ocrx_word' id='word_1_274' title='bbox 409 4203 444 4245; x_wconf 91' lang='lat' dir='ltr'><strong>ac</strong></span> <span class='ocrx_word' id='word_1_275' title='bbox 466 4185 685 4248; x_wconf 88' lang='lat' dir='ltr'><strong>incrementum</strong></span> <span class='ocrx_word' id='word_1_276' title='bbox 699 4204 874 4248; x_wconf 83' lang='lat' dir='ltr'><strong>conversum</strong></span> <span class='ocrx_word' id='word_1_277' title='bbox 896 4205 960 4248; x_wconf 87' lang='lat' dir='ltr'><strong>esse</strong></span> <span class='ocrx_word' id='word_1_278' title='bbox 975 4185 1081 4266; x_wconf 84' lang='lat' dir='ltr'><strong>ingenii</strong></span> <span class='ocrx_word' id='word_1_279' title='bbox 1097 4184 1140 4246; x_wconf 88' lang='lat' dir='ltr'><strong>tui</strong></span> <span class='ocrx_word' id='word_1_280' title='bbox 1155 4203 1277 4265; x_wconf 80' lang='lat' dir='ltr'><strong>operam</strong></span> 
     </span>
     <span class='ocr_line' id='line_1_38' title="bbox 133 4282 1278 4366; baseline 0.002 -24"><span class='ocrx_word' id='word_1_281' title='bbox 133 4287 222 4358; x_wconf 79' lang='lat' dir='ltr'><strong>atquc</strong></span> <span class='ocrx_word' id='word_1_282' title='bbox 240 4282 416 4345; x_wconf 76' lang='lat' dir='ltr'><strong>industriam</strong></span> <span class='ocrx_word' id='word_1_283' title='bbox 428 4283 594 4345; x_wconf 86' lang='lat' dir='ltr'><strong>declarant.</strong></span> <span class='ocrx_word' id='word_1_284' title='bbox 614 4287 689 4346; x_wconf 85' lang='lat' dir='ltr'><strong>Eam</strong></span> <span class='ocrx_word' id='word_1_285' title='bbox 705 4303 722 4346; x_wconf 86' lang='lat' dir='ltr'><strong>a</strong></span> <span class='ocrx_word' id='word_1_286' title='bbox 736 4294 765 4346; x_wconf 89' lang='lat' dir='ltr'><strong>te</strong></span> <span class='ocrx_word' id='word_1_287' title='bbox 777 4286 969 4366; x_wconf 86' lang='lat' dir='ltr'><strong>potissimum</strong></span> <span class='ocrx_word' id='word_1_288' title='bbox 982 4285 1143 4364; x_wconf 89' lang='lat' dir='ltr'><strong>probatum</strong></span> <span class='ocrx_word' id='word_1_289' title='bbox 1167 4284 1201 4345; x_wconf 88' lang='lat' dir='ltr'><strong>iri</strong></span> <span class='ocrx_word' id='word_1_290' title='bbox 1213 4284 1278 4364; x_wconf 85' lang='lat' dir='ltr'><strong>pol·</strong></span> 
     </span>
     <span class='ocr_line' id='line_1_39' title="bbox 132 4375 1276 4463; baseline 0.007 -27"><span class='ocrx_word' id='word_1_291' title='bbox 132 4375 229 4437; x_wconf 88' lang='lat' dir='ltr'><strong>liceris</strong></span> <span class='ocrx_word' id='word_1_292' title='bbox 245 4377 275 4438; x_wconf 89' lang='lat' dir='ltr'><strong>in</strong></span> <span class='ocrx_word' id='word_1_293' title='bbox 289 4380 502 4443; x_wconf 81' lang='lat' dir='ltr'><strong>Ecclesiasticis</strong></span> <span class='ocrx_word' id='word_1_294' title='bbox 515 4381 710 4461; x_wconf 89' lang='lat' dir='ltr'><strong>scriptoribus</strong></span> <span class='ocrx_word' id='word_1_295' title='bbox 721 4391 784 4443; x_wconf 86' lang='lat' dir='ltr'><strong>tam</strong></span> <span class='ocrx_word' id='word_1_296' title='bbox 800 4384 909 4444; x_wconf 77' lang='lat' dir='ltr'><strong>Grecis</strong></span> <span class='ocrx_word' id='word_1_297' title='bbox 924 4397 1017 4461; x_wconf 85' lang='lat' dir='ltr'><strong>quum</strong></span> <span class='ocrx_word' id='word_1_298' title='bbox 1032 4383 1154 4461; x_wconf 75' lang='lat' dir='ltr'><strong>latinis,</strong></span> <span class='ocrx_word' id='word_1_299' title='bbox 1165 4385 1216 4463; x_wconf 90' lang='lat' dir='ltr'><strong>qui</strong></span> <span class='ocrx_word' id='word_1_300' title='bbox 1231 4386 1276 4445; x_wconf 80' lang='lat' dir='ltr'><strong>rel</strong></span> 
     </span>
     <span class='ocr_line' id='line_1_40' title="bbox 131 4473 1275 4568; baseline 0.007 -35"><span class='ocrx_word' id='word_1_301' title='bbox 131 4473 231 4537; x_wconf 82' lang='lat' dir='ltr'><strong>adbuc</strong></span> <span class='ocrx_word' id='word_1_302' title='bbox 245 4476 415 4558; x_wconf 82' lang='lat' dir='ltr'><strong>intenebris</strong></span> <span class='ocrx_word' id='word_1_303' title='bbox 429 4479 542 4556; x_wconf 82' lang='lat' dir='ltr'><strong>lucent,</strong></span> <span class='ocrx_word' id='word_1_304' title='bbox 554 4481 599 4540; x_wconf 84' lang='lat' dir='ltr'><strong>rel</strong></span> <span class='ocrx_word' id='word_1_305' title='bbox 616 4479 712 4540; x_wconf 91' lang='lat' dir='ltr'><strong>mutili</strong></span> <span class='ocrx_word' id='word_1_306' title='bbox 725 4497 759 4540; x_wconf 87' lang='lat' dir='ltr'><strong>ac</strong></span> <span class='ocrx_word' id='word_1_307' title='bbox 783 4480 916 4550; x_wconf 81' lang='lat' dir='ltr'><strong>mendosi</strong></span> <span class='ocrx_word' id='word_1_308' title='bbox 932 4496 985 4558; x_wconf 87' lang='lat' dir='ltr'><strong>per</strong></span> <span class='ocrx_word' id='word_1_309' title='bbox 999 4497 1106 4568; x_wconf 77' lang='lat' dir='ltr'><strong>manus</strong></span> <span class='ocrx_word' id='word_1_310' title='bbox 1119 4480 1275 4544; x_wconf 87' lang='lat' dir='ltr'><strong>bominum</strong></span> 
     </span>
    </p>
   </div>
   <div class='ocr_carea' id='block_1_10' title="bbox 1073 4878 1501 5014">
    <p class='ocr_par' dir='ltr' id='par_1_10' title="bbox 1073 4878 1501 5014">
     <span class='ocr_line' id='line_1_41' title="bbox 1073 4878 1501 5014; baseline 0.002 -31"><span class='ocrx_word' id='word_1_311' title='bbox 1073 4878 1318 5014; x_wconf 56' lang='lat' dir='ltr'><strong>noum</strong></span> <span class='ocrx_word' id='word_1_312' title='bbox 1422 5003 1428 5009; x_wconf 48' lang='grc'>,</span> <span class='ocrx_word' id='word_1_313' title='bbox 1485 4896 1501 4913; x_wconf 87' lang='grc'><strong>··</strong></span> 
     </span>
    </p>
   </div>
   <div class='ocr_carea' id='block_1_11' title="bbox 0 0 1608 5354">
    <p class='ocr_par' dir='ltr' id='par_1_11' title="bbox 0 0 1608 5354">
     <span class='ocr_line' id='line_1_42' title="bbox 0 0 1608 5354; baseline 0 0"><span class='ocrx_word' id='word_1_314' title='bbox 0 0 1608 5354; x_wconf 95' lang='lat' dir='ltr'><strong> </strong></span> 
     </span>
    </p>
   </div>
  </div>
 </body>
</html>
