3194 5354
331 490 383 541 ata
761 481 966 538 chunanus
982 482 1048 537 xlv

329 588 516 653 Venerabilis
525 590 641 665 Frater,
653 594 683 649 tc
693 587 834 649 sciliceta
848 586 1103 650 consentientibus
1120 585 1207 649 istius
1215 589 1353 652 ecclesiae
1363 597 1481 654 metro-

329 691 472 773 politanas
479 687 731 771 collegisdieXlV
738 686 945 766 mensishuJ'us
953 685 1215 767 archiepiscopum
1221 686 1480 768 Salishurgensem

328 791 459 853 electum
481 807 558 851 ease.
579 789 642 849 Nos
664 803 737 848 sane
756 785 877 848 etillius
889 786 1067 848 viduitatem
1086 791 1151 848 tam
1166 785 1244 847 berre
1256 785 1433 868 depositam
1453 795 1483 851 et

328 887 359 949 in
378 885 580 966 justissimum
596 881 742 963 gaudium
757 887 978 946 commutatam
992 882 1085 946 fuisse
1095 883 1329 964 etagnoacimna
1347 891 1381 949 et
1399 902 1481 968 mag·

329 1002 442 1066 nopere
455 982 632 1064 gaudemus.
648 982 799 1064 Perspecti
818 981 912 1044 Nobis
931 988 1002 1045 sunt
1014 981 1182 1064 pastorales
1201 982 1295 1044 animi
1313 982 1358 1069 tui
1375 1001 1483 1046 aenam

330 1091 444 1165 tuaque
457 1083 489 1145 in
502 1082 696 1162 religionem,
711 1087 803 1163 atque
818 1082 849 1144 in
864 1082 917 1144 liei
930 1081 1073 1161 gloriam,
1088 1080 1207 1158 studia,
1219 1080 1406 1161 quihusjam
1416 1082 1482 1164 pri-

329 1181 401 1244 dem
414 1186 445 1244 el
462 1180 494 1244 in
516 1181 661 1260 Gurgensi
678 1181 806 1244 ecclesia
827 1180 959 1262 regenda
976 1180 1136 1257 exercitus,
1157 1178 1210 1260 qui
1229 1184 1333 1259 gratus
1354 1179 1481 1261 quidem

327 1279 421 1343 luisse
445 1281 508 1342 Deo
529 1279 648 1343 volente
671 1278 806 1357 videtur,
819 1285 855 1342 ut
878 1279 1011 1361 paratior
1033 1278 1120 1357 inde,
1144 1285 1235 1359 atque
1252 1277 1430 1341 instructior
1443 1279 1482 1342 ad

328 1395 442 1439 novam
464 1376 543 1439 hanc
562 1394 683 1439 summa
696 1375 806 1439 virtute
822 1396 859 1439 ao
872 1374 1048 1459 sapientiam
1069 1371 1276 1438 sustinendam
1300 1370 1481 1453 dignitatem

329 1471 500 1535 accederes.
517 1470 717 1534 Vehementer
729 1477 867 1534 nostram
875 1470 954 1532 hanc
965 1469 1100 1532 letitiam
1113 1474 1219 1550 auget,
1233 1465 1481 1548 quodjucundia·

329 1567 441 1629 simum
454 1566 537 1628 huno
548 1565 661 1628 scimus
675 1565 894 1630 lorehonorem
904 1571 992 1629 tuum
1005 1563 1209 1628 canssimaein
1221 1563 1481 1627 Christoliliaeno·

328 1662 504 1727 straehlariae
510 1662 662 1725 Therasiae
671 1663 847 1744 Hungarica
855 1663 977 1745 Reginae
987 1662 1182 1745 apostolica,
1192 1679 1316 1725 necnon
1322 1662 1480 1727 Bohemiae

329 1759 441 1839 τεςίηω
450 1759 811 1825 illustriinltomanorum
821 1761 1045 1844 imperatricem
1054 1762 1157 1824 alceta
1165 1760 1309 1841 ridua,et
1318 1762 1480 1828 mrissimo

244 1909 246 1915 ,
329 1858 404 1921 item
428 1859 459 1920 in
481 1858 599 1921 Christo
614 1856 677 1922 tilio
696 1869 802 1922 nostro
823 1859 957 1942 losepho
981 1859 1012 1921 in
1035 1860 1481 1941 Romanorumtmpeatorem

330 1951 438 2032 electo,
448 1970 580 2035 qnorum
594 1957 626 2015 et
643 1952 774 2036 plurima
782 1953 872 2019 flores
888 1953 986 2035 gratia
994 1954 1201 2019 etcertissima'
1211 1954 1264 2018 tihi
1276 1973 1396 2038 semper
1406 1962 1482 2019 sunt

329 2051 614 2136 extituraprasidia.
629 2053 737 2116 Dilecti
750 2052 844 2116 etiam
854 2052 907 2116 tilii
924 2052 1041 2116 nobiles
1060 2053 1116 2117 viri
1128 2053 1262 2136 parentis
1275 2052 1321 2117 tui
1334 2059 1370 2128 nt
1383 2054 1481 2119 enixa

329 2156 420 2212 antea
430 2150 461 2213 in
474 2157 504 2213 te
517 2149 622 2231 pietati
631 2148 719 2212 valde
732 2148 1011 2231 propensissimae,
1025 2149 1068 2212 ita
1075 2169 1159 2213 nunc
1172 2150 1293 2214 uberior
1305 2157 1417 2215 nostre
1425 2152 1481 2233 jn-

330 2246 493 2311 cunditatis
505 2265 597 2310 causa
613 2265 650 2308 ex
673 2246 753 2309 illius
769 2245 877 2309 lutitiae
890 2244 1072 2327 cogitatione
1092 2253 1264 2327 promanat.
1280 2249 1378 2324 Quem
1395 2246 1478 2312 eninr

329 2344 451 2426 plurimi
460 2345 589 2408 iacimus
597 2390 606 2424 ,
619 2363 655 2407 ac
668 2344 709 2407 oh
726 2362 851 2407 suorum
864 2344 1043 2407 meritomm
1057 2343 1286 2426 amplitudinem
1307 2344 1459 2428 diligimus
1467 2391 1478 2425 ,

330 2442 466 2522 ejusdem
484 2441 590 2505 studiis
610 2442 752 2505 omnihus
764 2443 912 2521 maiorem
935 2441 967 2504 in
984 2439 1111 2504 modum
1128 2459 1355 2525 permovemur.
1376 2442 1479 2521 Vides,

330 2538 515 2600 Venerabilis
524 2541 640 2617 Frater,
650 2557 687 2600 ex
695 2538 867 2619 huiusmodi
875 2539 913 2602 de
923 2545 954 2603 te
962 2538 1072 2620 gaudio
1083 2545 1188 2602 noslm
1202 2541 1296 2605 tantis
1306 2541 1482 2607 auctoribus

332 2634 529 2714 confirmato,
543 2655 611 2717 que
628 2655 709 2699 nunc
720 2637 829 2700 existat
846 2645 905 2701 tnae
926 2636 1112 2720 proterenda
1131 2638 1164 2701 in
1185 2645 1251 2705 lam
1264 2640 1369 2723 amplo
1381 2639 1481 2725 spatio

329 2733 450 2795 virtutis
463 2733 643 2815 expectatio.
657 2736 742 2797 Hanc
753 2734 852 2818 ipsam
864 2736 1019 2814 utrinam,
1034 2743 1124 2819 atque
1134 2736 1312 2817 auctiorem,
1324 2738 1429 2802 indies
1438 2737 1481 2802 ei·

330 2829 415 2893 licias
425 2831 561 2894 laetitiam
573 2832 612 2894 de
623 2839 653 2894 te
664 2837 811 2913 nostram,
822 2833 852 2897 id
864 2852 965 2897 veroa
982 2842 1013 2898 te
1025 2835 1118 2899 etiam
1131 2841 1222 2919 atque
1231 2835 1324 2899 etiam
1333 2837 1481 2919 pehmm,

330 2929 415 2993 acad
426 2949 553 2996 summa
563 2931 771 3012 gratulationis
780 2931 880 2995 officia
894 2951 1045 2996 summam
1054 2933 1134 2996 hanc
1146 2933 1351 2997 hortationem
1370 2935 1481 3016 adjun-

330 3029 440 3110 gimus,
454 3030 594 3112 adquam
604 3030 704 3094 Noset
713 3031 902 3112 pontificium
912 3050 1034 3111 munus,
1044 3031 1240 3114 etsingularis
1251 3031 1296 3094 tui
1307 3032 1480 3116 caritaspo·

330 3127 482 3193 tissimum
502 3129 628 3192 inducit.
645 3131 687 3191 lie
710 3147 771 3210 qua
791 3129 862 3193 illud
884 3129 939 3193 tihi
959 3130 1133 3213 persuaderi
1150 3129 1291 3213 cupimus
1310 3148 1479 3213 numquam

329 3225 411 3304 fore,
426 3234 461 3289 ut
473 3245 530 3307 pro
548 3227 609 3289 tuis
629 3227 761 3305 meritis,
775 3245 811 3289 ac
828 3227 859 3288 in
872 3229 935 3290 Nos
946 3234 1035 3309 atque
1047 3228 1255 3310 Apostolicam
1269 3228 1348 3292 hanc
1368 3227 1478 3291 Sedem
1503 3240 1512 3253 “

330 3321 490 3384 devotione
503 3341 540 3385 ac
551 3322 752 3400 observantia,
767 3321 883 3386 fructus
893 3342 949 3405 pro
963 3323 1190 3406 opportunitate
1201 3324 1421 3389 desideraturus
1434 3324 1479 3388 sis

331 3417 543 3499 amplissimos.
558 3420 604 3480 Ac
616 3411 746 3497 inhujus
756 3427 888 3500 patema
900 3420 1063 3484 voluntatis
1075 3421 1196 3503 pignus,
1216 3422 1289 3485 etin
1300 3420 1481 3484 tantimsci-

330 3515 432 3598 piendi
439 3514 573 3581 muneris
583 3515 752 3596 auspicium
760 3518 1203 3599 apostolicsmbenedictionem
1214 3521 1281 3600 tihi,
1291 3518 1480 3587 Venerabilis

331 3614 446 3693 irater,
466 3612 659 3696 peramanter
681 3613 881 3697 impertimur.
911 3620 1027 3681 Datum
1047 3622 1158 3692 Romu,
1178 3627 1249 3698 etc,
1268 3621 1320 3683 dte
1335 3630 1373 3683 28
1391 3637 1482 3682 ωαν-

332 3714 372 3771 tii
387 3722 461 3773 1172
471 3757 479 3789 ,
489 3713 682 3793 pontificatur
698 3717 794 3775 nostri
807 3732 887 3776 anno
901 3721 1001 3777 tertio.

813 3825 997 3839 m

840 3926 981 3999 CXClll.

783 4075 914 4121 nanneno
935 4076 1021 4119 rrum

528 4159 741 4224 HANNIBALI
762 4165 815 4225 EX
836 4165 1049 4230 annlnfflus
1070 4167 1281 4230 OLIVlEllllS

639 4266 872 4349 CLEMENS
900 4274 1029 4351 ΡΑΡΑ
1055 4272 1163 4350 XIV.

432 4446 438 4459 .
700 4443 702 4446 <
1114 4417 1212 4476 Roma,
1225 4418 1239 4464 t
1254 4413 1336 4478 aprilis
1347 4417 1418 4464 tm.

374 4488 507 4565 Dilecto,
523 4503 579 4556 etc.
596 4499 664 4559 lam
679 4499 731 4561 diu
745 4499 837 4561 Nobis
857 4509 1016 4583 perspecta
1024 4510 1070 4566 est
1082 4508 1173 4585 atque
1186 4502 1308 4584 cognita
1319 4501 1483 4582 singularia
