<?xml version="1.0" encoding="UTF-8"?>
<!DOCTYPE html PUBLIC "-//W3C//DTD XHTML 1.0 Transitional//EN"
    "http://www.w3.org/TR/xhtml1/DTD/xhtml1-transitional.dtd">
<html xmlns="http://www.w3.org/1999/xhtml" xml:lang="en" lang="en">
 <head>
  <title>
</title>
<meta http-equiv="Content-Type" content="text/html;charset=utf-8" />
  <meta name='ocr-system' content='tesseract 3.04.00' />
  <meta name='ocr-capabilities' content='ocr_page ocr_carea ocr_par ocr_line ocrx_word'/>
</head>
<body>
  <div class='ocr_page' id='page_1' title='image "./clementisxivpon01clemgoog_0145.png"; bbox 0 0 3194 5354; ppageno 0'>
   <div class='ocr_carea' id='block_1_1' title="bbox 229 485 938 543">
    <p class='ocr_par' dir='ltr' id='par_1_1' title="bbox 229 485 938 543">
     <span class='ocr_line' id='line_1_1' title="bbox 229 485 938 543; baseline -0.004 -1"><span class='ocrx_word' id='word_1_1' title='bbox 229 492 277 543; x_wconf 80' lang='lat'><strong>1³0</strong></span> <span class='ocrx_word' id='word_1_2' title='bbox 655 485 856 540; x_wconf 84' lang='lat' dir='ltr'><strong>CLEMENTlS</strong></span> <span class='ocrx_word' id='word_1_3' title='bbox 873 486 938 539; x_wconf 82' lang='lat' dir='ltr'><strong>xlv</strong></span> 
     </span>
    </p>
   </div>
   <div class='ocr_carea' id='block_1_2' title="bbox 114 589 1374 672">
    <p class='ocr_par' dir='ltr' id='par_1_2' title="bbox 114 589 1374 672">
     <span class='ocr_line' id='line_1_2' title="bbox 114 589 1374 672; baseline -0.002 -19"><span class='ocrx_word' id='word_1_4' title='bbox 114 625 124 646; x_wconf 63' lang='grc' dir='ltr'><em>ο</em></span> <span class='ocrx_word' id='word_1_5' title='bbox 224 591 390 672; x_wconf 85' lang='lat' dir='ltr'><strong>Epistulam</strong></span> <span class='ocrx_word' id='word_1_6' title='bbox 412 596 546 652; x_wconf 85' lang='lat' dir='ltr'><strong>nostrum</strong></span> <span class='ocrx_word' id='word_1_7' title='bbox 559 589 607 651; x_wconf 88' lang='lat' dir='ltr'><strong>die</strong></span> <span class='ocrx_word' id='word_1_8' title='bbox 626 593 652 652; x_wconf 89' lang='lat' dir='ltr'>X</span> <span class='ocrx_word' id='word_1_9' title='bbox 669 591 801 652; x_wconf 89' lang='lat' dir='ltr'><strong>octobris</strong></span> <span class='ocrx_word' id='word_1_10' title='bbox 814 591 851 653; x_wconf 92' lang='lat' dir='ltr'><strong>ad</strong></span> <span class='ocrx_word' id='word_1_11' title='bbox 870 597 899 651; x_wconf 90' lang='lat' dir='ltr'><strong>te</strong></span> <span class='ocrx_word' id='word_1_12' title='bbox 920 589 1038 666; x_wconf 71' lang='lat' dir='ltr'><strong>damin,</strong></span> <span class='ocrx_word' id='word_1_13' title='bbox 1055 607 1208 669; x_wconf 88' lang='lat' dir='ltr'><strong>quamque</strong></span> <span class='ocrx_word' id='word_1_14' title='bbox 1222 594 1307 651; x_wconf 84' lang='lat' dir='ltr'><strong>certa</strong></span> <span class='ocrx_word' id='word_1_15' title='bbox 1321 608 1374 651; x_wconf 83' lang='lat' dir='ltr'><strong>ro-</strong></span> 
     </span>
    </p>
   </div>
   <div class='ocr_carea' id='block_1_3' title="bbox 218 685 1376 2720">
    <p class='ocr_par' dir='ltr' id='par_1_3' title="bbox 218 685 1376 2720">
     <span class='ocr_line' id='line_1_3' title="bbox 224 685 1374 769; baseline 0.001 -22"><span class='ocrx_word' id='word_1_16' title='bbox 224 685 337 748; x_wconf 90' lang='lat' dir='ltr'><strong>luotate</strong></span> <span class='ocrx_word' id='word_1_17' title='bbox 348 706 485 767; x_wconf 84' lang='lat' dir='ltr'><strong>cuperes,</strong></span> <span class='ocrx_word' id='word_1_18' title='bbox 501 694 534 748; x_wconf 93' lang='lat' dir='ltr'><strong>ut</strong></span> <span class='ocrx_word' id='word_1_19' title='bbox 545 686 706 750; x_wconf 77' lang='lat' dir='ltr'><strong>vicariatus</strong></span> <span class='ocrx_word' id='word_1_20' title='bbox 716 687 764 749; x_wconf 88' lang='lat' dir='ltr'><strong>ille</strong></span> <span class='ocrx_word' id='word_1_21' title='bbox 776 688 805 750; x_wconf 92' lang='lat' dir='ltr'><strong>in</strong></span> <span class='ocrx_word' id='word_1_22' title='bbox 816 688 1024 769; x_wconf 89' lang='lat' dir='ltr'><strong>episcopatum</strong></span> <span class='ocrx_word' id='word_1_23' title='bbox 1037 686 1284 764; x_wconf 77' lang='lat' dir='ltr'><strong>constitueretur,</strong></span> <span class='ocrx_word' id='word_1_24' title='bbox 1302 704 1374 748; x_wconf 84' lang='lat' dir='ltr'><strong>curn</strong></span> 
     </span>
     <span class='ocr_line' id='line_1_4' title="bbox 224 783 1376 866; baseline -0.002 -20"><span class='ocrx_word' id='word_1_25' title='bbox 224 803 345 848; x_wconf 90' lang='lat' dir='ltr'><strong>omnem</strong></span> <span class='ocrx_word' id='word_1_26' title='bbox 359 786 462 848; x_wconf 88' lang='lat' dir='ltr'><strong>statim</strong></span> <span class='ocrx_word' id='word_1_27' title='bbox 475 785 693 848; x_wconf 79' lang='lat' dir='ltr'><strong>dubitationem</strong></span> <span class='ocrx_word' id='word_1_28' title='bbox 708 785 948 866; x_wconf 78' lang='lat' dir='ltr'><strong>abrumpendum</strong></span> <span class='ocrx_word' id='word_1_29' title='bbox 963 784 1169 861; x_wconf 83' lang='lat' dir='ltr'><strong>decrevimus,</strong></span> <span class='ocrx_word' id='word_1_30' title='bbox 1184 783 1303 863; x_wconf 90' lang='lat' dir='ltr'><strong>tibique</strong></span> <span class='ocrx_word' id='word_1_31' title='bbox 1321 802 1376 864; x_wconf 90' lang='lat' dir='ltr'><strong>per</strong></span> 
     </span>
     <span class='ocr_line' id='line_1_5' title="bbox 224 880 1375 961; baseline -0.001 -19"><span class='ocrx_word' id='word_1_32' title='bbox 224 882 315 944; x_wconf 88' lang='lat' dir='ltr'><strong>aliam</strong></span> <span class='ocrx_word' id='word_1_33' title='bbox 334 890 470 946; x_wconf 85' lang='lat' dir='ltr'><strong>nostram</strong></span> <span class='ocrx_word' id='word_1_34' title='bbox 492 883 531 946; x_wconf 87' lang='lat' dir='ltr'><strong>ad</strong></span> <span class='ocrx_word' id='word_1_35' title='bbox 554 889 585 945; x_wconf 87' lang='lat' dir='ltr'><strong>te</strong></span> <span class='ocrx_word' id='word_1_36' title='bbox 604 882 653 944; x_wconf 89' lang='lat' dir='ltr'><strong>die</strong></span> <span class='ocrx_word' id='word_1_37' title='bbox 675 885 755 944; x_wconf 83' lang='lat' dir='ltr'>XVII</span> <span class='ocrx_word' id='word_1_38' title='bbox 773 883 864 961; x_wconf 85' lang='lat' dir='ltr'><strong>hujus</strong></span> <span class='ocrx_word' id='word_1_39' title='bbox 887 881 997 944; x_wconf 90' lang='lat' dir='ltr'><strong>mensis</strong></span> <span class='ocrx_word' id='word_1_40' title='bbox 1017 882 1120 944; x_wconf 83' lang='lat' dir='ltr'><strong>datum</strong></span> <span class='ocrx_word' id='word_1_41' title='bbox 1138 880 1375 961; x_wconf 83' lang='lat' dir='ltr'><strong>significavimus</strong></span> 
     </span>
     <span class='ocr_line' id='line_1_6' title="bbox 223 977 1374 1062; baseline -0.005 -17"><span class='ocrx_word' id='word_1_42' title='bbox 223 988 346 1062; x_wconf 86' lang='lat' dir='ltr'><strong>paratos</strong></span> <span class='ocrx_word' id='word_1_43' title='bbox 355 983 419 1061; x_wconf 87' lang='lat' dir='ltr'><strong>jam</strong></span> <span class='ocrx_word' id='word_1_44' title='bbox 433 1001 497 1046; x_wconf 88' lang='lat' dir='ltr'><strong>esse</strong></span> <span class='ocrx_word' id='word_1_45' title='bbox 508 984 569 1044; x_wconf 90' lang='lat' dir='ltr'><strong>Nos</strong></span> <span class='ocrx_word' id='word_1_46' title='bbox 580 981 705 1062; x_wconf 86' lang='lat' dir='ltr'><strong>obsequi</strong></span> <span class='ocrx_word' id='word_1_47' title='bbox 719 979 867 1043; x_wconf 83' lang='lat' dir='ltr'><strong>desiderio</strong></span> <span class='ocrx_word' id='word_1_48' title='bbox 880 987 945 1058; x_wconf 89' lang='lat' dir='ltr'><strong>tuo,</strong></span> <span class='ocrx_word' id='word_1_49' title='bbox 958 997 994 1042; x_wconf 89' lang='lat' dir='ltr'><strong>ac</strong></span> <span class='ocrx_word' id='word_1_50' title='bbox 1005 979 1131 1060; x_wconf 87' lang='lat' dir='ltr'><strong>proinde</strong></span> <span class='ocrx_word' id='word_1_51' title='bbox 1140 979 1228 1041; x_wconf 85' lang='lat' dir='ltr'><strong>Glero</strong></span> <span class='ocrx_word' id='word_1_52' title='bbox 1238 977 1374 1061; x_wconf 84' lang='lat' dir='ltr'><strong>Populo-</strong></span> 
     </span>
     <span class='ocr_line' id='line_1_7' title="bbox 223 1071 1375 1161; baseline -0.006 -19"><span class='ocrx_word' id='word_1_53' title='bbox 223 1098 282 1161; x_wconf 90' lang='lat' dir='ltr'><strong>que</strong></span> <span class='ocrx_word' id='word_1_54' title='bbox 291 1079 510 1142; x_wconf 82' lang='lat' dir='ltr'><strong>ldunkacsiensi</strong></span> <span class='ocrx_word' id='word_1_55' title='bbox 522 1079 686 1142; x_wconf 80' lang='lat' dir='ltr'><strong>Nobiscum</strong></span> <span class='ocrx_word' id='word_1_56' title='bbox 699 1096 753 1160; x_wconf 90' lang='lat' dir='ltr'><strong>per</strong></span> <span class='ocrx_word' id='word_1_57' title='bbox 772 1077 912 1141; x_wconf 88' lang='lat' dir='ltr'><strong>unionem</strong></span> <span class='ocrx_word' id='word_1_58' title='bbox 925 1071 1088 1155; x_wconf 85' lang='lat' dir='ltr'><strong>conjuncto</strong></span> <span class='ocrx_word' id='word_1_59' title='bbox 1100 1075 1277 1156; x_wconf 77' lang='lat' dir='ltr'><strong>Apostolica</strong></span> <span class='ocrx_word' id='word_1_60' title='bbox 1297 1092 1375 1136; x_wconf 88' lang='lat' dir='ltr'><strong>auc-</strong></span> 
     </span>
     <span class='ocr_line' id='line_1_8' title="bbox 223 1174 1374 1258; baseline -0.003 -18"><span class='ocrx_word' id='word_1_61' title='bbox 223 1178 344 1240; x_wconf 86' lang='lat' dir='ltr'><strong>toritate</strong></span> <span class='ocrx_word' id='word_1_62' title='bbox 355 1196 444 1240; x_wconf 88' lang='lat' dir='ltr'><strong>suum</strong></span> <span class='ocrx_word' id='word_1_63' title='bbox 458 1177 552 1240; x_wconf 75' lang='lat' dir='ltr'><strong>Greci</strong></span> <span class='ocrx_word' id='word_1_64' title='bbox 572 1177 657 1239; x_wconf 86' lang='lat' dir='ltr'><strong>Ritus</strong></span> <span class='ocrx_word' id='word_1_65' title='bbox 667 1176 849 1258; x_wconf 87' lang='lat' dir='ltr'><strong>Episcopum</strong></span> <span class='ocrx_word' id='word_1_66' title='bbox 869 1175 1038 1256; x_wconf 84' lang='lat' dir='ltr'><strong>largituros.</strong></span> <span class='ocrx_word' id='word_1_67' title='bbox 1054 1174 1188 1237; x_wconf 77' lang='lat' dir='ltr'><strong>Reddita</strong></span> <span class='ocrx_word' id='word_1_68' title='bbox 1197 1193 1291 1255; x_wconf 83' lang='lat' dir='ltr'><strong>porro</strong></span> <span class='ocrx_word' id='word_1_69' title='bbox 1302 1184 1374 1237; x_wconf 85' lang='lat' dir='ltr'><strong>srmt</strong></span> 
     </span>
     <span class='ocr_line' id='line_1_9' title="bbox 224 1271 1371 1353; baseline -0.005 -15"><span class='ocrx_word' id='word_1_70' title='bbox 224 1276 316 1341; x_wconf 93' lang='lat' dir='ltr'><strong>Nobis</strong></span> <span class='ocrx_word' id='word_1_71' title='bbox 337 1276 563 1339; x_wconf 72' lang='lat' dir='ltr'><strong>humanissima</strong></span> <span class='ocrx_word' id='word_1_72' title='bbox 579 1281 640 1336; x_wconf 81' lang='lat' dir='ltr'><strong>turn</strong></span> <span class='ocrx_word' id='word_1_73' title='bbox 658 1273 708 1336; x_wconf 90' lang='lat' dir='ltr'><strong>die</strong></span> <span class='ocrx_word' id='word_1_74' title='bbox 727 1275 767 1334; x_wconf 91' lang='lat' dir='ltr'><strong>Vl</strong></span> <span class='ocrx_word' id='word_1_75' title='bbox 784 1273 875 1352; x_wconf 86' lang='lat' dir='ltr'><strong>hujus</strong></span> <span class='ocrx_word' id='word_1_76' title='bbox 894 1272 1003 1335; x_wconf 88' lang='lat' dir='ltr'><strong>mensis</strong></span> <span class='ocrx_word' id='word_1_77' title='bbox 1017 1272 1112 1350; x_wconf 72' lang='lat' dir='ltr'><strong>datae,</strong></span> <span class='ocrx_word' id='word_1_78' title='bbox 1128 1271 1169 1334; x_wconf 87' lang='lat' dir='ltr'><strong>ad</strong></span> <span class='ocrx_word' id='word_1_79' title='bbox 1189 1291 1266 1353; x_wconf 89' lang='lat' dir='ltr'><strong>quas</strong></span> <span class='ocrx_word' id='word_1_80' title='bbox 1290 1291 1371 1335; x_wconf 87' lang='lat' dir='ltr'><strong>nuuc</strong></span> 
     </span>
     <span class='ocr_line' id='line_1_10' title="bbox 223 1369 1373 1452; baseline 0 -21"><span class='ocrx_word' id='word_1_81' title='bbox 223 1371 304 1435; x_wconf 91' lang='lat' dir='ltr'><strong>bisce</strong></span> <span class='ocrx_word' id='word_1_82' title='bbox 315 1373 425 1436; x_wconf 82' lang='lat' dir='ltr'><strong>nostris</strong></span> <span class='ocrx_word' id='word_1_83' title='bbox 436 1372 649 1447; x_wconf 85' lang='lat' dir='ltr'><strong>rescribimus,</strong></span> <span class='ocrx_word' id='word_1_84' title='bbox 660 1371 691 1432; x_wconf 94' lang='lat' dir='ltr'><strong>in</strong></span> <span class='ocrx_word' id='word_1_85' title='bbox 702 1370 809 1450; x_wconf 90' lang='lat' dir='ltr'><strong>iisque,</strong></span> <span class='ocrx_word' id='word_1_86' title='bbox 822 1369 879 1432; x_wconf 87' lang='lat' dir='ltr'><strong>etsi</strong></span> <span class='ocrx_word' id='word_1_87' title='bbox 892 1371 957 1448; x_wconf 73' lang='lat' dir='ltr'><strong>iam</strong></span> <span class='ocrx_word' id='word_1_88' title='bbox 971 1376 1161 1452; x_wconf 86' lang='lat' dir='ltr'><strong>perspectam</strong></span> <span class='ocrx_word' id='word_1_89' title='bbox 1171 1370 1373 1450; x_wconf 80' lang='lat' dir='ltr'><strong>exploratam·</strong></span> 
     </span>
     <span class='ocr_line' id='line_1_11' title="bbox 222 1465 1373 1552; baseline -0.004 -21"><span class='ocrx_word' id='word_1_90' title='bbox 222 1486 300 1550; x_wconf 87' lang='lat' dir='ltr'><strong>que,</strong></span> <span class='ocrx_word' id='word_1_91' title='bbox 314 1476 415 1532; x_wconf 89' lang='lat' dir='ltr'><strong>tamen</strong></span> <span class='ocrx_word' id='word_1_92' title='bbox 430 1488 448 1531; x_wconf 92' lang='lat' dir='ltr'><strong>a</strong></span> <span class='ocrx_word' id='word_1_93' title='bbox 463 1476 493 1530; x_wconf 88' lang='lat' dir='ltr'><strong>te</strong></span> <span class='ocrx_word' id='word_1_94' title='bbox 503 1469 568 1552; x_wconf 83' lang='lat' dir='ltr'><strong>ipsa</strong></span> <span class='ocrx_word' id='word_1_95' title='bbox 580 1474 682 1549; x_wconf 89' lang='lat' dir='ltr'><strong>aperte</strong></span> <span class='ocrx_word' id='word_1_96' title='bbox 693 1466 838 1530; x_wconf 88' lang='lat' dir='ltr'><strong>declarari</strong></span> <span class='ocrx_word' id='word_1_97' title='bbox 847 1467 941 1530; x_wconf 91' lang='lat' dir='ltr'><strong>Nobis</strong></span> <span class='ocrx_word' id='word_1_98' title='bbox 951 1467 1136 1529; x_wconf 86' lang='lat' dir='ltr'><strong>voluntatem</strong></span> <span class='ocrx_word' id='word_1_99' title='bbox 1147 1473 1232 1528; x_wconf 90' lang='lat' dir='ltr'><strong>tuam</strong></span> <span class='ocrx_word' id='word_1_100' title='bbox 1241 1465 1285 1527; x_wconf 91' lang='lat' dir='ltr'><strong>ita</strong></span> <span class='ocrx_word' id='word_1_101' title='bbox 1296 1484 1373 1545; x_wconf 86' lang='lat' dir='ltr'><strong>cog·</strong></span> 
     </span>
     <span class='ocr_line' id='line_1_12' title="bbox 223 1562 1372 1644; baseline -0.003 -18"><span class='ocrx_word' id='word_1_102' title='bbox 223 1567 372 1644; x_wconf 89' lang='lat' dir='ltr'><strong>novimus,</strong></span> <span class='ocrx_word' id='word_1_103' title='bbox 386 1574 420 1628; x_wconf 94' lang='lat' dir='ltr'><strong>ut</strong></span> <span class='ocrx_word' id='word_1_104' title='bbox 427 1566 566 1628; x_wconf 88' lang='lat' dir='ltr'><strong>delectati</strong></span> <span class='ocrx_word' id='word_1_105' title='bbox 578 1565 769 1627; x_wconf 85' lang='lat' dir='ltr'><strong>uehementer</strong></span> <span class='ocrx_word' id='word_1_106' title='bbox 778 1564 870 1627; x_wconf 90' lang='lat' dir='ltr'><strong>simus</strong></span> <span class='ocrx_word' id='word_1_107' title='bbox 880 1564 1052 1644; x_wconf 71' lang='lat' dir='ltr'><strong>prestitisse</strong></span> <span class='ocrx_word' id='word_1_108' title='bbox 1059 1564 1126 1642; x_wconf 85' lang='lat' dir='ltr'><strong>jum</strong></span> <span class='ocrx_word' id='word_1_109' title='bbox 1136 1565 1199 1624; x_wconf 91' lang='lat' dir='ltr'><strong>Nos</strong></span> <span class='ocrx_word' id='word_1_110' title='bbox 1207 1562 1275 1641; x_wconf 92' lang='lat' dir='ltr'><strong>tibi,</strong></span> <span class='ocrx_word' id='word_1_111' title='bbox 1288 1562 1372 1643; x_wconf 90' lang='lat' dir='ltr'><strong>quod</strong></span> 
     </span>
     <span class='ocr_line' id='line_1_13' title="bbox 222 1661 1373 1745; baseline -0.003 -18"><span class='ocrx_word' id='word_1_112' title='bbox 222 1665 316 1744; x_wconf 86' lang='lat' dir='ltr'><strong>petis,</strong></span> <span class='ocrx_word' id='word_1_113' title='bbox 330 1684 366 1727; x_wconf 92' lang='lat' dir='ltr'><strong>ac</strong></span> <span class='ocrx_word' id='word_1_114' title='bbox 379 1664 431 1726; x_wconf 89' lang='lat' dir='ltr'><strong>illa</strong></span> <span class='ocrx_word' id='word_1_115' title='bbox 449 1664 534 1745; x_wconf 91' lang='lat' dir='ltr'><strong>quasi</strong></span> <span class='ocrx_word' id='word_1_116' title='bbox 546 1663 739 1743; x_wconf 83' lang='lat' dir='ltr'><strong>responsione</strong></span> <span class='ocrx_word' id='word_1_117' title='bbox 752 1670 856 1725; x_wconf 91' lang='lat' dir='ltr'><strong>nostra</strong></span> <span class='ocrx_word' id='word_1_118' title='bbox 870 1671 1056 1745; x_wconf 88' lang='lat' dir='ltr'><strong>postremam</strong></span> <span class='ocrx_word' id='word_1_119' title='bbox 1072 1661 1150 1725; x_wconf 87' lang='lat' dir='ltr'><strong>banc</strong></span> <span class='ocrx_word' id='word_1_120' title='bbox 1160 1662 1373 1743; x_wconf 85' lang='lat' dir='ltr'><strong>tuamepisto-</strong></span> 
     </span>
     <span class='ocr_line' id='line_1_14' title="bbox 223 1761 1372 1845; baseline -0.002 -21"><span class='ocrx_word' id='word_1_121' title='bbox 223 1764 283 1825; x_wconf 89' lang='lat' dir='ltr'><strong>lam</strong></span> <span class='ocrx_word' id='word_1_122' title='bbox 294 1770 505 1845; x_wconf 76' lang='lat' dir='ltr'><strong>pravortentes</strong></span> <span class='ocrx_word' id='word_1_123' title='bbox 524 1764 626 1844; x_wconf 82' lang='lat' dir='ltr'><strong>pelam</strong></span> <span class='ocrx_word' id='word_1_124' title='bbox 639 1762 694 1825; x_wconf 92' lang='lat' dir='ltr'><strong>tibi</strong></span> <span class='ocrx_word' id='word_1_125' title='bbox 704 1761 808 1824; x_wconf 88' lang='lat' dir='ltr'><strong>fecisse</strong></span> <span class='ocrx_word' id='word_1_126' title='bbox 814 1807 824 1840; x_wconf 91' lang='lat'><strong>,</strong></span> <span class='ocrx_word' id='word_1_127' title='bbox 835 1770 984 1842; x_wconf 89' lang='lat' dir='ltr'><strong>quantum</strong></span> <span class='ocrx_word' id='word_1_128' title='bbox 998 1762 1028 1823; x_wconf 92' lang='lat' dir='ltr'><strong>in</strong></span> <span class='ocrx_word' id='word_1_129' title='bbox 1038 1780 1075 1824; x_wconf 89' lang='lat' dir='ltr'><strong>ea</strong></span> <span class='ocrx_word' id='word_1_130' title='bbox 1091 1768 1156 1823; x_wconf 89' lang='lat' dir='ltr'><strong>tam</strong></span> <span class='ocrx_word' id='word_1_131' title='bbox 1171 1761 1254 1840; x_wconf 84' lang='lat' dir='ltr'><strong>gravi</strong></span> <span class='ocrx_word' id='word_1_132' title='bbox 1274 1779 1308 1823; x_wconf 86' lang='lat' dir='ltr'><strong>re</strong></span> <span class='ocrx_word' id='word_1_133' title='bbox 1318 1779 1372 1822; x_wconf 87' lang='lat' dir='ltr'><strong>sa-</strong></span> 
     </span>
     <span class='ocr_line' id='line_1_15' title="bbox 223 1857 1370 1941; baseline -0.001 -22"><span class='ocrx_word' id='word_1_134' title='bbox 223 1860 342 1937; x_wconf 86' lang='lat' dir='ltr'><strong>pientiae</strong></span> <span class='ocrx_word' id='word_1_135' title='bbox 349 1906 358 1938; x_wconf 94' lang='lat'><strong>,</strong></span> <span class='ocrx_word' id='word_1_136' title='bbox 369 1860 471 1941; x_wconf 87' lang='lat' dir='ltr'><strong>pietati</strong></span> <span class='ocrx_word' id='word_1_137' title='bbox 484 1879 521 1922; x_wconf 93' lang='lat' dir='ltr'><strong>ac</strong></span> <span class='ocrx_word' id='word_1_138' title='bbox 536 1859 670 1938; x_wconf 81' lang='lat' dir='ltr'><strong>religioni</strong></span> <span class='ocrx_word' id='word_1_139' title='bbox 688 1867 748 1920; x_wconf 81' lang='lat' dir='ltr'><strong>tuae</strong></span> <span class='ocrx_word' id='word_1_140' title='bbox 764 1858 958 1921; x_wconf 78' lang='lat' dir='ltr'><strong>deterremus.</strong></span> <span class='ocrx_word' id='word_1_141' title='bbox 973 1860 1044 1933; x_wconf 77' lang='lat' dir='ltr'><strong>Quae</strong></span> <span class='ocrx_word' id='word_1_142' title='bbox 1055 1857 1162 1936; x_wconf 83' lang='lat' dir='ltr'><strong>judicii</strong></span> <span class='ocrx_word' id='word_1_143' title='bbox 1175 1857 1213 1920; x_wconf 90' lang='lat' dir='ltr'><strong>dc</strong></span> <span class='ocrx_word' id='word_1_144' title='bbox 1227 1863 1257 1919; x_wconf 88' lang='lat' dir='ltr'><strong>te</strong></span> <span class='ocrx_word' id='word_1_145' title='bbox 1270 1858 1370 1919; x_wconf 89' lang='lat' dir='ltr'><strong>nostri</strong></span> 
     </span>
     <span class='ocr_line' id='line_1_16' title="bbox 223 1955 1371 2039; baseline 0.002 -22"><span class='ocrx_word' id='word_1_146' title='bbox 223 1956 300 2018; x_wconf 92' lang='lat' dir='ltr'><strong>ratio</strong></span> <span class='ocrx_word' id='word_1_147' title='bbox 316 1957 358 2021; x_wconf 79' lang='lat' dir='ltr'><strong>ita</strong></span> <span class='ocrx_word' id='word_1_148' title='bbox 371 1959 432 2020; x_wconf 88' lang='lat' dir='ltr'><strong>Nos</strong></span> <span class='ocrx_word' id='word_1_149' title='bbox 449 1958 480 2019; x_wconf 92' lang='lat' dir='ltr'><strong>in</strong></span> <span class='ocrx_word' id='word_1_150' title='bbox 494 1964 635 2038; x_wconf 80' lang='lat' dir='ltr'><strong>susoepto</strong></span> <span class='ocrx_word' id='word_1_151' title='bbox 648 1955 772 2019; x_wconf 88' lang='lat' dir='ltr'><strong>consilio</strong></span> <span class='ocrx_word' id='word_1_152' title='bbox 787 1957 963 2035; x_wconf 85' lang='lat' dir='ltr'><strong>coufirmat,</strong></span> <span class='ocrx_word' id='word_1_153' title='bbox 975 1965 1027 2035; x_wconf 92' lang='lat' dir='ltr'><strong>ut,</strong></span> <span class='ocrx_word' id='word_1_154' title='bbox 1048 1976 1140 2039; x_wconf 91' lang='lat' dir='ltr'><strong>quem</strong></span> <span class='ocrx_word' id='word_1_155' title='bbox 1152 1964 1311 2039; x_wconf 88' lang='lat' dir='ltr'><strong>optamus,</strong></span> <span class='ocrx_word' id='word_1_156' title='bbox 1327 1960 1371 2020; x_wconf 90' lang='lat' dir='ltr'><strong>rei</strong></span> 
     </span>
     <span class='ocr_line' id='line_1_17' title="bbox 223 2053 1370 2136; baseline 0.002 -23"><span class='ocrx_word' id='word_1_157' title='bbox 223 2054 336 2117; x_wconf 82' lang='lat' dir='ltr'><strong>exitum</strong></span> <span class='ocrx_word' id='word_1_158' title='bbox 349 2055 516 2118; x_wconf 88' lang='lat' dir='ltr'><strong>certissime</strong></span> <span class='ocrx_word' id='word_1_159' title='bbox 533 2055 627 2117; x_wconf 92' lang='lat' dir='ltr'><strong>Nobis</strong></span> <span class='ocrx_word' id='word_1_160' title='bbox 639 2054 771 2135; x_wconf 90' lang='lat' dir='ltr'><strong>polliceri</strong></span> <span class='ocrx_word' id='word_1_161' title='bbox 781 2071 842 2117; x_wconf 91' lang='lat' dir='ltr'><strong>non</strong></span> <span class='ocrx_word' id='word_1_162' title='bbox 856 2055 1040 2119; x_wconf 89' lang='lat' dir='ltr'><strong>dubitemus.</strong></span> <span class='ocrx_word' id='word_1_163' title='bbox 1058 2057 1160 2136; x_wconf 85' lang='lat' dir='ltr'><strong>Neque</strong></span> <span class='ocrx_word' id='word_1_164' title='bbox 1174 2053 1370 2135; x_wconf 81' lang='lat' dir='ltr'><strong>ambigimus,</strong></span> 
     </span>
     <span class='ocr_line' id='line_1_18' title="bbox 222 2153 1371 2234; baseline -0.002 -19"><span class='ocrx_word' id='word_1_165' title='bbox 222 2153 294 2232; x_wconf 90' lang='lat' dir='ltr'><strong>quia</strong></span> <span class='ocrx_word' id='word_1_166' title='bbox 304 2156 383 2216; x_wconf 87' lang='lat' dir='ltr'><strong>Deus</strong></span> <span class='ocrx_word' id='word_1_167' title='bbox 393 2154 530 2234; x_wconf 86' lang='lat' dir='ltr'><strong>Optimus</strong></span> <span class='ocrx_word' id='word_1_168' title='bbox 544 2153 693 2215; x_wconf 86' lang='lat' dir='ltr'><strong>Maximus</strong></span> <span class='ocrx_word' id='word_1_169' title='bbox 705 2153 756 2234; x_wconf 92' lang='lat' dir='ltr'><strong>qui</strong></span> <span class='ocrx_word' id='word_1_170' title='bbox 770 2172 830 2215; x_wconf 81' lang='lat' dir='ltr'><strong>suu</strong></span> <span class='ocrx_word' id='word_1_171' title='bbox 844 2153 944 2233; x_wconf 80' lang='lat' dir='ltr'><strong>gloria</strong></span> <span class='ocrx_word' id='word_1_172' title='bbox 961 2172 1055 2216; x_wconf 90' lang='lat' dir='ltr'><strong>causa</strong></span> <span class='ocrx_word' id='word_1_173' title='bbox 1073 2154 1262 2231; x_wconf 72' lang='lat' dir='ltr'><strong>Maiestatem</strong></span> <span class='ocrx_word' id='word_1_174' title='bbox 1272 2154 1371 2214; x_wconf 87' lang='lat' dir='ltr'><strong>&#39;luam</strong></span> 
     </span>
     <span class='ocr_line' id='line_1_19' title="bbox 223 2249 1370 2333; baseline -0.001 -22"><span class='ocrx_word' id='word_1_175' title='bbox 223 2252 252 2313; x_wconf 89' lang='lat' dir='ltr'><strong>id</strong></span> <span class='ocrx_word' id='word_1_176' title='bbox 273 2270 396 2333; x_wconf 88' lang='lat' dir='ltr'><strong>cupere,</strong></span> <span class='ocrx_word' id='word_1_177' title='bbox 408 2255 529 2333; x_wconf 88' lang='lat' dir='ltr'><strong>Nosque</strong></span> <span class='ocrx_word' id='word_1_178' title='bbox 541 2270 629 2331; x_wconf 89' lang='lat' dir='ltr'><strong>agere</strong></span> <span class='ocrx_word' id='word_1_179' title='bbox 637 2249 809 2331; x_wconf 80' lang='lat' dir='ltr'><strong>cognoscit,</strong></span> <span class='ocrx_word' id='word_1_180' title='bbox 825 2251 960 2332; x_wconf 82' lang='lat' dir='ltr'><strong>prasenti</strong></span> <span class='ocrx_word' id='word_1_181' title='bbox 974 2270 1032 2333; x_wconf 90' lang='lat' dir='ltr'><strong>ope</strong></span> <span class='ocrx_word' id='word_1_182' title='bbox 1045 2270 1081 2312; x_wconf 85' lang='lat' dir='ltr'><strong>ac</strong></span> <span class='ocrx_word' id='word_1_183' title='bbox 1094 2250 1232 2333; x_wconf 82' lang='lat' dir='ltr'><strong>prasidio</strong></span> <span class='ocrx_word' id='word_1_184' title='bbox 1245 2252 1370 2313; x_wconf 87' lang='lat' dir='ltr'><strong>Decreta</strong></span> 
     </span>
     <span class='ocr_line' id='line_1_20' title="bbox 222 2350 1371 2431; baseline -0.003 -19"><span class='ocrx_word' id='word_1_185' title='bbox 222 2351 286 2412; x_wconf 78' lang='lat' dir='ltr'><strong>bac</strong></span> <span class='ocrx_word' id='word_1_186' title='bbox 297 2359 400 2414; x_wconf 91' lang='lat' dir='ltr'><strong>nostra</strong></span> <span class='ocrx_word' id='word_1_187' title='bbox 411 2351 662 2431; x_wconf 85' lang='lat' dir='ltr'><strong>comprobaturus</strong></span> <span class='ocrx_word' id='word_1_188' title='bbox 672 2351 721 2413; x_wconf 91' lang='lat' dir='ltr'><strong>sit.</strong></span> <span class='ocrx_word' id='word_1_189' title='bbox 735 2353 779 2414; x_wconf 79' lang='lat' dir='ltr'><strong>Ac</strong></span> <span class='ocrx_word' id='word_1_190' title='bbox 791 2350 821 2412; x_wconf 94' lang='lat' dir='ltr'><strong>in</strong></span> <span class='ocrx_word' id='word_1_191' title='bbox 834 2350 990 2430; x_wconf 87' lang='lat' dir='ltr'><strong>singularis</strong></span> <span class='ocrx_word' id='word_1_192' title='bbox 1001 2356 1108 2412; x_wconf 78' lang='lat' dir='ltr'><strong>nostre</strong></span> <span class='ocrx_word' id='word_1_193' title='bbox 1119 2355 1227 2430; x_wconf 87' lang='lat' dir='ltr'><strong>ergate</strong></span> <span class='ocrx_word' id='word_1_194' title='bbox 1237 2355 1371 2430; x_wconf 70' lang='lat' dir='ltr'><strong>pauno</strong></span> 
     </span>
     <span class='ocr_line' id='line_1_21' title="bbox 222 2448 1370 2530; baseline 0.002 -22"><span class='ocrx_word' id='word_1_195' title='bbox 222 2448 356 2509; x_wconf 90' lang='lat' dir='ltr'><strong>caritatis</strong></span> <span class='ocrx_word' id='word_1_196' title='bbox 384 2449 491 2528; x_wconf 90' lang='lat' dir='ltr'><strong>pignus</strong></span> <span class='ocrx_word' id='word_1_197' title='bbox 519 2448 715 2529; x_wconf 86' lang='lat' dir='ltr'><strong>apostolicam</strong></span> <span class='ocrx_word' id='word_1_198' title='bbox 743 2448 983 2512; x_wconf 88' lang='lat' dir='ltr'><strong>benedictionem</strong></span> <span class='ocrx_word' id='word_1_199' title='bbox 1011 2448 1110 2530; x_wconf 70' lang='lat' dir='ltr'><strong>Regius</strong></span> <span class='ocrx_word' id='word_1_200' title='bbox 1126 2449 1276 2528; x_wconf 80' lang='lat' dir='ltr'><strong>blujestati</strong></span> <span class='ocrx_word' id='word_1_201' title='bbox 1297 2451 1370 2511; x_wconf 77' lang='lat' dir='ltr'><strong>Tune</strong></span> 
     </span>
     <span class='ocr_line' id='line_1_22' title="bbox 224 2545 1368 2625; baseline 0.003 -20"><span class='ocrx_word' id='word_1_202' title='bbox 224 2545 426 2607; x_wconf 84' lang='lat' dir='ltr'><strong>amantissime</strong></span> <span class='ocrx_word' id='word_1_203' title='bbox 443 2546 642 2625; x_wconf 82' lang='lat' dir='ltr'><strong>impertimur.</strong></span> <span class='ocrx_word' id='word_1_204' title='bbox 667 2549 784 2609; x_wconf 79' lang='lat' dir='ltr'><strong>Datum</strong></span> <span class='ocrx_word' id='word_1_205' title='bbox 798 2548 913 2618; x_wconf 79' lang='lat' dir='ltr'><strong>Rome,</strong></span> <span class='ocrx_word' id='word_1_206' title='bbox 937 2555 1008 2620; x_wconf 78' lang='lat' dir='ltr'><strong>etc,</strong></span> <span class='ocrx_word' id='word_1_207' title='bbox 1027 2559 1063 2609; x_wconf 76' lang='lat'><strong>2⁴</strong></span> <span class='ocrx_word' id='word_1_208' title='bbox 1087 2548 1255 2610; x_wconf 67' lang='lat' dir='ltr'><strong>nmmum</strong></span> <span class='ocrx_word' id='word_1_209' title='bbox 1277 2559 1368 2624; x_wconf 83' lang='lat' dir='ltr'><strong>trtu,</strong></span> 
     </span>
     <span class='ocr_line' id='line_1_23' title="bbox 218 2644 769 2720; baseline 0.002 -19"><span class='ocrx_word' id='word_1_210' title='bbox 218 2645 414 2720; x_wconf 66' lang='lat' dir='ltr'><strong>ponctificatus</strong></span> <span class='ocrx_word' id='word_1_211' title='bbox 428 2648 525 2703; x_wconf 80' lang='lat' dir='ltr'><strong>nostri</strong></span> <span class='ocrx_word' id='word_1_212' title='bbox 540 2660 619 2705; x_wconf 79' lang='lat' dir='ltr'><strong>uano</strong></span> <span class='ocrx_word' id='word_1_213' title='bbox 630 2644 769 2705; x_wconf 72' lang='lat' dir='ltr'><strong>ucundt.</strong></span> 
     </span>
    </p>
   </div>
   <div class='ocr_carea' id='block_1_4' title="bbox 705 2767 888 2791">
    <p class='ocr_par' dir='ltr' id='par_1_4' title="bbox 705 2767 888 2791">
     <span class='ocr_line' id='line_1_24' title="bbox 705 2767 888 2791; baseline 0 -9"><span class='ocrx_word' id='word_1_214' title='bbox 705 2767 888 2791; x_wconf 49' lang='lat' dir='ltr'><strong>‘’ff-¹*</strong></span> 
     </span>
    </p>
   </div>
   <div class='ocr_carea' id='block_1_5' title="bbox 732 2872 859 2944">
    <p class='ocr_par' dir='ltr' id='par_1_5' title="bbox 732 2872 859 2944">
     <span class='ocr_line' id='line_1_25' title="bbox 732 2872 859 2944; baseline 0 0"><span class='ocrx_word' id='word_1_215' title='bbox 732 2872 859 2944; x_wconf 75' lang='lat' dir='ltr'>CXVII.</span> 
     </span>
    </p>
   </div>
   <div class='ocr_carea' id='block_1_6' title="bbox 679 3031 918 3075">
    <p class='ocr_par' dir='ltr' id='par_1_6' title="bbox 679 3031 918 3075">
     <span class='ocr_line' id='line_1_26' title="bbox 679 3031 918 3075; baseline 0.008 -2"><span class='ocrx_word' id='word_1_216' title='bbox 679 3031 812 3075; x_wconf 72' lang='lat' dir='ltr'><strong>nuucro</strong></span> <span class='ocrx_word' id='word_1_217' title='bbox 834 3032 918 3075; x_wconf 71' lang='lat' dir='ltr'><strong>ululo</strong></span> 
     </span>
    </p>
   </div>
   <div class='ocr_carea' id='block_1_7' title="bbox 246 3137 1328 3210">
    <p class='ocr_par' dir='ltr' id='par_1_7' title="bbox 246 3137 1328 3210">
     <span class='ocr_line' id='line_1_27' title="bbox 246 3137 1328 3210; baseline 0.001 -16"><span class='ocrx_word' id='word_1_218' title='bbox 246 3137 407 3196; x_wconf 78' lang='lat' dir='ltr'><strong>lGNdTIO</strong></span> <span class='ocrx_word' id='word_1_219' title='bbox 428 3139 601 3210; x_wconf 72' lang='lat' dir='ltr'><strong>nubtura,</strong></span> <span class='ocrx_word' id='word_1_220' title='bbox 625 3139 818 3201; x_wconf 76' lang='lat' dir='ltr'><strong>cnuoutco</strong></span> <span class='ocrx_word' id='word_1_221' title='bbox 838 3140 1039 3201; x_wconf 72' lang='lat' dir='ltr'><strong>Ruentem</strong></span> <span class='ocrx_word' id='word_1_222' title='bbox 1060 3137 1328 3201; x_wconf 75' lang='lat' dir='ltr'><strong>LATuuANuust</strong></span> 
     </span>
    </p>
   </div>
   <div class='ocr_carea' id='block_1_8' title="bbox 222 3261 1369 3431">
    <p class='ocr_par' dir='ltr' id='par_1_8' title="bbox 222 3261 1369 3431">
     <span class='ocr_line' id='line_1_28' title="bbox 662 3261 931 3322; baseline 0 -11"><span class='ocrx_word' id='word_1_223' title='bbox 662 3261 789 3312; x_wconf 79' lang='lat' dir='ltr'><strong>VIENNAE</strong></span> <span class='ocrx_word' id='word_1_224' title='bbox 803 3263 931 3322; x_wconf 78' lang='lat' dir='ltr'><strong>tuum,</strong></span> 
     </span>
     <span class='ocr_line' id='line_1_29' title="bbox 222 3362 1369 3431; baseline 0.004 -22"><span class='ocrx_word' id='word_1_225' title='bbox 222 3362 348 3411; x_wconf 74' lang='lat' dir='ltr'><strong>SANCTAE</strong></span> <span class='ocrx_word' id='word_1_226' title='bbox 358 3364 537 3414; x_wconf 71' lang='lat' dir='ltr'><strong>nonnullum</strong></span> <span class='ocrx_word' id='word_1_227' title='bbox 548 3368 778 3431; x_wconf 67' lang='lat' dir='ltr'><strong>luendarum,</strong></span> <span class='ocrx_word' id='word_1_228' title='bbox 790 3369 916 3419; x_wconf 71' lang='lat' dir='ltr'><strong>RFiGINAE</strong></span> <span class='ocrx_word' id='word_1_229' title='bbox 926 3368 1130 3418; x_wconf 75' lang='lat' dir='ltr'><strong>Arosuotlcffi</strong></span> <span class='ocrx_word' id='word_1_230' title='bbox 1142 3366 1369 3424; x_wconf 74' lang='lat' dir='ltr'><strong>comusseuto,</strong></span> 
     </span>
    </p>
   </div>
   <div class='ocr_carea' id='block_1_9' title="bbox 540 3462 1041 3544">
    <p class='ocr_par' dir='ltr' id='par_1_9' title="bbox 540 3462 1041 3544">
     <span class='ocr_line' id='line_1_30' title="bbox 540 3462 1041 3544; baseline 0.006 -6"><span class='ocrx_word' id='word_1_231' title='bbox 540 3462 746 3541; x_wconf 84' lang='lat' dir='ltr'><strong>CLEMEN</strong></span> <span class='ocrx_word' id='word_1_232' title='bbox 748 3467 774 3544; x_wconf 91' lang='lat' dir='ltr'>S</span> <span class='ocrx_word' id='word_1_233' title='bbox 793 3468 920 3543; x_wconf 87' lang='lat' dir='ltr'>PAPA</span> <span class='ocrx_word' id='word_1_234' title='bbox 935 3465 1041 3542; x_wconf 83' lang='lat' dir='ltr'>XIV.</span> 
     </span>
    </p>
   </div>
   <div class='ocr_carea' id='block_1_10' title="bbox 939 3617 1304 3680">
    <p class='ocr_par' dir='ltr' id='par_1_10' title="bbox 939 3617 1304 3680">
     <span class='ocr_line' id='line_1_31' title="bbox 939 3617 1304 3680; baseline -0.011 -11"><span class='ocrx_word' id='word_1_235' title='bbox 939 3623 1030 3680; x_wconf 74' lang='lat' dir='ltr'><strong>tinnire,</strong></span> <span class='ocrx_word' id='word_1_236' title='bbox 1043 3624 1073 3668; x_wconf 79' lang='lat' dir='ltr'><strong>tt</strong></span> <span class='ocrx_word' id='word_1_237' title='bbox 1085 3617 1224 3668; x_wconf 79' lang='lat' dir='ltr'><strong>novembris</strong></span> <span class='ocrx_word' id='word_1_238' title='bbox 1236 3621 1304 3668; x_wconf 80' lang='grc'><strong>1770.</strong></span> 
     </span>
    </p>
   </div>
   <div class='ocr_carea' id='block_1_11' title="bbox 218 3714 1367 4578">
    <p class='ocr_par' dir='ltr' id='par_1_11' title="bbox 218 3714 1367 4578">
     <span class='ocr_line' id='line_1_32' title="bbox 259 3714 1367 3796; baseline 0.005 -24"><span class='ocrx_word' id='word_1_239' title='bbox 259 3714 388 3785; x_wconf 76' lang='lat' dir='ltr'><strong>Dilecta,</strong></span> <span class='ocrx_word' id='word_1_240' title='bbox 405 3723 460 3775; x_wconf 83' lang='lat' dir='ltr'><strong>etc.</strong></span> <span class='ocrx_word' id='word_1_241' title='bbox 484 3716 642 3796; x_wconf 87' lang='lat' dir='ltr'><strong>Perspecta</strong></span> <span class='ocrx_word' id='word_1_242' title='bbox 663 3717 755 3779; x_wconf 91' lang='lat' dir='ltr'><strong>Nobis</strong></span> <span class='ocrx_word' id='word_1_243' title='bbox 778 3717 903 3796; x_wconf 84' lang='lat' dir='ltr'><strong>iusignia</strong></span> <span class='ocrx_word' id='word_1_244' title='bbox 927 3724 1049 3778; x_wconf 89' lang='lat' dir='ltr'><strong>tuarum</strong></span> <span class='ocrx_word' id='word_1_245' title='bbox 1063 3715 1226 3794; x_wconf 89' lang='lat' dir='ltr'><strong>virtutum,</strong></span> <span class='ocrx_word' id='word_1_246' title='bbox 1240 3714 1367 3793; x_wconf 62' lang='lat' dir='ltr'><strong>{doctri—</strong></span> 
     </span>
     <span class='ocr_line' id='line_1_33' title="bbox 219 3810 1366 3895; baseline 0.005 -27"><span class='ocrx_word' id='word_1_247' title='bbox 219 3826 324 3888; x_wconf 73' lang='lat' dir='ltr'><strong>naeque</strong></span> <span class='ocrx_word' id='word_1_248' title='bbox 341 3811 466 3887; x_wconf 86' lang='lat' dir='ltr'><strong>merita,</strong></span> <span class='ocrx_word' id='word_1_249' title='bbox 491 3829 527 3873; x_wconf 90' lang='lat' dir='ltr'><strong>ac</strong></span> <span class='ocrx_word' id='word_1_250' title='bbox 549 3811 786 3894; x_wconf 92' lang='lat' dir='ltr'><strong>amplissimum,</strong></span> <span class='ocrx_word' id='word_1_251' title='bbox 803 3829 863 3894; x_wconf 93' lang='lat' dir='ltr'><strong>quo</strong></span> <span class='ocrx_word' id='word_1_252' title='bbox 885 3812 1018 3893; x_wconf 83' lang='lat' dir='ltr'><strong>iungeris</strong></span> <span class='ocrx_word' id='word_1_253' title='bbox 1042 3810 1124 3895; x_wconf 88' lang='lat' dir='ltr'><strong>apud</strong></span> <span class='ocrx_word' id='word_1_254' title='bbox 1140 3811 1366 3894; x_wconf 85' lang='lat' dir='ltr'><strong>imperatricem</strong></span> 
     </span>
     <span class='ocr_line' id='line_1_34' title="bbox 222 3905 1366 3993; baseline 0.006 -28"><span class='ocrx_word' id='word_1_255' title='bbox 222 3905 363 3985; x_wconf 84' lang='lat' dir='ltr'><strong>lteginam</strong></span> <span class='ocrx_word' id='word_1_256' title='bbox 381 3909 586 3987; x_wconf 85' lang='lat' dir='ltr'><strong>Apostolicam</strong></span> <span class='ocrx_word' id='word_1_257' title='bbox 599 3928 709 3974; x_wconf 90' lang='lat' dir='ltr'><strong>munus</strong></span> <span class='ocrx_word' id='word_1_258' title='bbox 722 3909 852 3988; x_wconf 84' lang='lat' dir='ltr'><strong>iaciunt,</strong></span> <span class='ocrx_word' id='word_1_259' title='bbox 865 3917 899 3973; x_wconf 90' lang='lat' dir='ltr'><strong>ut</strong></span> <span class='ocrx_word' id='word_1_260' title='bbox 911 3928 972 3972; x_wconf 92' lang='lat' dir='ltr'><strong>non</strong></span> <span class='ocrx_word' id='word_1_261' title='bbox 984 3911 1082 3974; x_wconf 89' lang='lat' dir='ltr'><strong>solum</strong></span> <span class='ocrx_word' id='word_1_262' title='bbox 1093 3912 1234 3993; x_wconf 89' lang='lat' dir='ltr'><strong>propensi</strong></span> <span class='ocrx_word' id='word_1_263' title='bbox 1247 3910 1287 3973; x_wconf 92' lang='lat' dir='ltr'><strong>ad</strong></span> <span class='ocrx_word' id='word_1_264' title='bbox 1299 3929 1366 3992; x_wconf 88' lang='lat' dir='ltr'><strong>pre·</strong></span> 
     </span>
     <span class='ocr_line' id='line_1_35' title="bbox 218 4003 1365 4089; baseline 0.007 -26"><span class='ocrx_word' id='word_1_265' title='bbox 218 4021 268 4064; x_wconf 85' lang='lat' dir='ltr'><strong>ces</strong></span> <span class='ocrx_word' id='word_1_266' title='bbox 279 4010 346 4064; x_wconf 91' lang='lat' dir='ltr'><strong>tuas</strong></span> <span class='ocrx_word' id='word_1_267' title='bbox 359 4003 486 4084; x_wconf 88' lang='lat' dir='ltr'><strong>benigne</strong></span> <span class='ocrx_word' id='word_1_268' title='bbox 497 4008 683 4089; x_wconf 90' lang='lat' dir='ltr'><strong>recipiendas</strong></span> <span class='ocrx_word' id='word_1_269' title='bbox 695 4011 804 4089; x_wconf 86' lang='lat' dir='ltr'><strong>simus,</strong></span> <span class='ocrx_word' id='word_1_270' title='bbox 818 4009 870 4073; x_wconf 87' lang='lat' dir='ltr'><strong>scd</strong></span> <span class='ocrx_word' id='word_1_271' title='bbox 881 4010 1003 4073; x_wconf 90' lang='lat' dir='ltr'><strong>easdem</strong></span> <span class='ocrx_word' id='word_1_272' title='bbox 1012 4010 1194 4072; x_wconf 86' lang='lat' dir='ltr'><strong>etiamratas</strong></span> <span class='ocrx_word' id='word_1_273' title='bbox 1208 4008 1365 4083; x_wconf 82' lang='lat' dir='ltr'><strong>iacientes,</strong></span> 
     </span>
     <span class='ocr_line' id='line_1_36' title="bbox 219 4101 1367 4187; baseline 0.006 -26"><span class='ocrx_word' id='word_1_274' title='bbox 219 4109 249 4162; x_wconf 88' lang='lat' dir='ltr'><strong>et</strong></span> <span class='ocrx_word' id='word_1_275' title='bbox 263 4108 322 4163; x_wconf 89' lang='lat' dir='ltr'><strong>tnae</strong></span> <span class='ocrx_word' id='word_1_276' title='bbox 335 4101 374 4163; x_wconf 93' lang='lat' dir='ltr'><strong>de</strong></span> <span class='ocrx_word' id='word_1_277' title='bbox 388 4101 481 4163; x_wconf 92' lang='lat' dir='ltr'><strong>Nobis</strong></span> <span class='ocrx_word' id='word_1_278' title='bbox 494 4104 626 4182; x_wconf 82' lang='lat' dir='ltr'><strong>fiduciae,</strong></span> <span class='ocrx_word' id='word_1_279' title='bbox 642 4114 673 4167; x_wconf 89' lang='lat' dir='ltr'><strong>et</strong></span> <span class='ocrx_word' id='word_1_280' title='bbox 683 4106 819 4187; x_wconf 81' lang='lat' dir='ltr'><strong>plurime</strong></span> <span class='ocrx_word' id='word_1_281' title='bbox 831 4109 946 4170; x_wconf 82' lang='lat' dir='ltr'><strong>Nostrae</strong></span> <span class='ocrx_word' id='word_1_282' title='bbox 961 4125 1033 4186; x_wconf 85' lang='lat' dir='ltr'><strong>erga</strong></span> <span class='ocrx_word' id='word_1_283' title='bbox 1044 4112 1074 4168; x_wconf 89' lang='lat' dir='ltr'><strong>te</strong></span> <span class='ocrx_word' id='word_1_284' title='bbox 1087 4112 1217 4187; x_wconf 80' lang='lat' dir='ltr'><strong>patemae</strong></span> <span class='ocrx_word' id='word_1_285' title='bbox 1227 4104 1367 4168; x_wconf 87' lang='lat' dir='ltr'><strong>benevo-</strong></span> 
     </span>
     <span class='ocr_line' id='line_1_37' title="bbox 219 4199 1366 4287; baseline 0.005 -29"><span class='ocrx_word' id='word_1_286' title='bbox 219 4199 316 4261; x_wconf 83' lang='lat' dir='ltr'><strong>lcntiae</strong></span> <span class='ocrx_word' id='word_1_287' title='bbox 327 4199 510 4281; x_wconf 85' lang='lat' dir='ltr'><strong>perlibenter</strong></span> <span class='ocrx_word' id='word_1_288' title='bbox 521 4203 734 4282; x_wconf 88' lang='lat' dir='ltr'><strong>obsequamur.</strong></span> <span class='ocrx_word' id='word_1_289' title='bbox 751 4208 854 4287; x_wconf 91' lang='lat' dir='ltr'><strong>ltaque</strong></span> <span class='ocrx_word' id='word_1_290' title='bbox 865 4206 945 4287; x_wconf 93' lang='lat' dir='ltr'><strong>quod</strong></span> <span class='ocrx_word' id='word_1_291' title='bbox 960 4226 978 4268; x_wconf 95' lang='lat' dir='ltr'><strong>a</strong></span> <span class='ocrx_word' id='word_1_292' title='bbox 991 4206 1084 4268; x_wconf 92' lang='lat' dir='ltr'><strong>Nobis</strong></span> <span class='ocrx_word' id='word_1_293' title='bbox 1095 4204 1286 4267; x_wconf 88' lang='lat' dir='ltr'><strong>vehementer</strong></span> <span class='ocrx_word' id='word_1_294' title='bbox 1296 4221 1366 4285; x_wconf 82' lang='lat' dir='ltr'><strong>pes·</strong></span> 
     </span>
     <span class='ocr_line' id='line_1_38' title="bbox 220 4295 1366 4383; baseline 0.008 -30"><span class='ocrx_word' id='word_1_295' title='bbox 220 4295 297 4356; x_wconf 85' lang='lat' dir='ltr'><strong>tulus</strong></span> <span class='ocrx_word' id='word_1_296' title='bbox 307 4303 366 4359; x_wconf 81' lang='lat' dir='ltr'><strong>tuae</strong></span> <span class='ocrx_word' id='word_1_297' title='bbox 377 4297 523 4378; x_wconf 90' lang='lat' dir='ltr'><strong>spirituali</strong></span> <span class='ocrx_word' id='word_1_298' title='bbox 542 4300 749 4379; x_wconf 87' lang='lat' dir='ltr'><strong>tranquillitati</strong></span> <span class='ocrx_word' id='word_1_299' title='bbox 768 4305 923 4366; x_wconf 90' lang='lat' dir='ltr'><strong>consulere</strong></span> <span class='ocrx_word' id='word_1_300' title='bbox 936 4304 1085 4382; x_wconf 88' lang='lat' dir='ltr'><strong>volentes,</strong></span> <span class='ocrx_word' id='word_1_301' title='bbox 1099 4309 1189 4383; x_wconf 84' lang='lat' dir='ltr'><strong>teque</strong></span> <span class='ocrx_word' id='word_1_302' title='bbox 1202 4299 1366 4381; x_wconf 81' lang='lat' dir='ltr'><strong>aquibus-</strong></span> 
     </span>
     <span class='ocr_line' id='line_1_39' title="bbox 219 4392 1366 4479; baseline 0.008 -27"><span class='ocrx_word' id='word_1_303' title='bbox 219 4392 265 4452; x_wconf 80' lang='lat' dir='ltr'><strong>ris</strong></span> <span class='ocrx_word' id='word_1_304' title='bbox 279 4396 449 4473; x_wconf 86' lang='lat' dir='ltr'><strong>sententiis,</strong></span> <span class='ocrx_word' id='word_1_305' title='bbox 465 4397 615 4473; x_wconf 89' lang='lat' dir='ltr'><strong>censuris,</strong></span> <span class='ocrx_word' id='word_1_306' title='bbox 629 4405 660 4459; x_wconf 90' lang='lat' dir='ltr'><strong>et</strong></span> <span class='ocrx_word' id='word_1_307' title='bbox 671 4401 767 4479; x_wconf 87' lang='lat' dir='ltr'><strong>poenis</strong></span> <span class='ocrx_word' id='word_1_308' title='bbox 779 4401 988 4463; x_wconf 87' lang='lat' dir='ltr'><strong>ecclesiasticis</strong></span> <span class='ocrx_word' id='word_1_309' title='bbox 1003 4407 1067 4463; x_wconf 77' lang='lat' dir='ltr'><strong>tam</strong></span> <span class='ocrx_word' id='word_1_310' title='bbox 1081 4419 1100 4462; x_wconf 91' lang='lat' dir='ltr'><strong>a</strong></span> <span class='ocrx_word' id='word_1_311' title='bbox 1112 4401 1196 4479; x_wconf 71' lang='lat' dir='ltr'><strong>June,</strong></span> <span class='ocrx_word' id='word_1_312' title='bbox 1210 4414 1305 4478; x_wconf 79' lang='lat' dir='ltr'><strong>quarn</strong></span> <span class='ocrx_word' id='word_1_313' title='bbox 1325 4397 1366 4461; x_wconf 86' lang='lat' dir='ltr'><strong>eb</strong></span> 
     </span>
     <span class='ocr_line' id='line_1_40' title="bbox 220 4489 1367 4578; baseline 0.005 -27"><span class='ocrx_word' id='word_1_314' title='bbox 220 4489 342 4551; x_wconf 88' lang='lat' dir='ltr'><strong>homine</strong></span> <span class='ocrx_word' id='word_1_315' title='bbox 360 4494 465 4572; x_wconf 83' lang='lat' dir='ltr'><strong>quavis</strong></span> <span class='ocrx_word' id='word_1_316' title='bbox 475 4495 633 4557; x_wconf 86' lang='lat' dir='ltr'><strong>occasione</strong></span> <span class='ocrx_word' id='word_1_317' title='bbox 648 4498 695 4558; x_wconf 89' lang='lat' dir='ltr'><strong>vel</strong></span> <span class='ocrx_word' id='word_1_318' title='bbox 710 4514 803 4559; x_wconf 86' lang='lat' dir='ltr'><strong>carrsa</strong></span> <span class='ocrx_word' id='word_1_319' title='bbox 816 4497 900 4575; x_wconf 81' lang='lat' dir='ltr'><strong>latis,</strong></span> <span class='ocrx_word' id='word_1_320' title='bbox 913 4500 937 4560; x_wconf 90' lang='lat' dir='ltr'><strong>si</strong></span> <span class='ocrx_word' id='word_1_321' title='bbox 950 4497 1060 4578; x_wconf 90' lang='lat' dir='ltr'><strong>quibus</strong></span> <span class='ocrx_word' id='word_1_322' title='bbox 1071 4495 1303 4577; x_wconf 86' lang='lat' dir='ltr'><strong>quomodolibet</strong></span> <span class='ocrx_word' id='word_1_323' title='bbox 1314 4495 1367 4557; x_wconf 85' lang='lat' dir='ltr'><strong>iu-</strong></span> 
     </span>
    </p>
   </div>
   <div class='ocr_carea' id='block_1_12' title="bbox 219 4586 1364 4676">
    <p class='ocr_par' dir='ltr' id='par_1_12' title="bbox 219 4586 1364 4676">
     <span class='ocr_line' id='line_1_41' title="bbox 219 4586 1364 4676; baseline 0.006 -28"><span class='ocrx_word' id='word_1_324' title='bbox 219 4586 348 4650; x_wconf 91' lang='lat' dir='ltr'><strong>nodatus</strong></span> <span class='ocrx_word' id='word_1_325' title='bbox 363 4591 488 4669; x_wconf 88' lang='lat' dir='ltr'><strong>existas,</strong></span> <span class='ocrx_word' id='word_1_326' title='bbox 513 4592 551 4654; x_wconf 89' lang='lat' dir='ltr'><strong>ad</strong></span> <span class='ocrx_word' id='word_1_327' title='bbox 565 4591 705 4656; x_wconf 84' lang='lat' dir='ltr'><strong>ellectum</strong></span> <span class='ocrx_word' id='word_1_328' title='bbox 729 4593 920 4676; x_wconf 65' lang='lat' dir='ltr'><strong>presentium</strong></span> <span class='ocrx_word' id='word_1_329' title='bbox 942 4593 1100 4656; x_wconf 82' lang='lat' dir='ltr'><strong>dumtaxat</strong></span> <span class='ocrx_word' id='word_1_330' title='bbox 1117 4590 1364 4676; x_wconf 90' lang='lat' dir='ltr'><strong>consequendum</strong></span> 
     </span>
    </p>
   </div>
   <div class='ocr_carea' id='block_1_13' title="bbox 0 0 1602 5354">
    <p class='ocr_par' dir='ltr' id='par_1_13' title="bbox 0 0 1602 5354">
     <span class='ocr_line' id='line_1_42' title="bbox 0 0 1602 5354; baseline 0 1"><span class='ocrx_word' id='word_1_331' title='bbox 0 0 1602 5354; x_wconf 95' lang='lat' dir='ltr'><strong> </strong></span> 
     </span>
    </p>
   </div>
  </div>
 </body>
</html>
