3194 5354
472 446 654 503 EPISTOLAE
672 444 717 501 ET
735 446 870 502 unuvtn
888 447 1120 505 seductioni.
1320 455 1367 506 tu

221 570 348 617 oausam
358 551 535 617 habeamus.
559 554 710 614 immenso
726 570 800 614 sane
814 552 975 632 eilmemur
994 554 1106 633 gaudio
1124 555 1371 638 quotiescumque

222 651 254 713 iu
273 669 311 712 ao
332 666 424 730 quem
441 649 607 725 inchoasti,
628 666 720 710 cursu
739 649 874 728 quotidie
892 669 911 711 a
932 657 964 711 te
984 653 1047 712 Deo
1072 650 1242 732 aspirante,
1263 654 1372 734 prollci

222 764 451 827 wgnoeoemam
475 746 727 826 illustrioremque
744 764 864 827 semper
879 746 1007 809 existere
1021 748 1116 810 vitam
1136 755 1221 811 tuam
1234 750 1372 812 omnium

222 845 434 922 virtutemne
453 843 619 926 presertim
642 843 818 923 evangelicu
831 844 1010 906 humilitatis
1033 847 1188 927 exemplis.
1214 848 1293 909 Nihil
1316 849 1381 914 tibi

223 940 293 1022 ipe,
306 939 500 1003 dilectissima
512 939 543 1000 in
553 939 670 1001 Christo
682 938 747 1001 lilia
755 946 874 1020 nostae,
887 943 940 1004 sed
952 945 1013 1007 Deo
1027 954 1152 1026 occepta
1162 945 1272 1008 aeterne
1282 946 1373 1008 debes

222 1040 340 1117 omnia,
353 1046 561 1120 quanmmque
574 1039 654 1100 illius
667 1038 818 1101 cotilldere
832 1041 1033 1120 benignitate,
1054 1049 1172 1105 tantum
1184 1043 1297 1105 viribus
1312 1044 1373 1105 tuis

222 1139 359 1200 diffidens
365 1183 374 1216 ‚
384 1137 474 1199 nullis
488 1135 618 1218 puoptiia
629 1134 717 1199 inuiti
730 1135 846 1198 meritis
852 1182 861 1213 ,
874 1137 927 1198 sed
938 1137 1040 1200 divina
1049 1140 1210 1201 sustentari
1223 1158 1259 1201 ac
1272 1140 1373 1201 valere

221 1235 333 1315 gretia,
347 1235 455 1301 timere
465 1233 505 1296 de
516 1234 655 1295 humana
667 1232 841 1294 infimitate
851 1279 860 1312 ,
870 1234 900 1295 in
913 1253 949 1296 eo
961 1235 1064 1297 omniu
1078 1238 1245 1317 posoe‚qui
1257 1244 1288 1298 te
1302 1255 1373 1298 oon-
1396 1255 1399 1261 ’

222 1334 331 1409 laetat,
346 1335 414 1412 ejus
427 1331 557 1410 ideireo,
572 1333 624 1413 qui
637 1330 737 1392 omms
748 1331 917 1394 munitatis
936 1318 1004 1394 tom
1019 1340 1074 1410 est,
1091 1351 1180 1414 opem
1201 1351 1323 1414 semper
1338 1352 1375 1395 ac

221 1430 394 1512 pmidium
408 1429 582 1510 impletae.

261 1527 309 1592 ab
320 1527 378 1587 hac
390 1525 497 1588 intima
511 1525 604 1587 animi
615 1525 662 1586 tui
681 1526 874 1605 penmasione
892 1525 981 1587 facile
994 1525 1086 1587 etiem
1099 1525 1229 1588 exterior
1247 1527 1374 1588 humili-

222 1624 296 1685 tatis
306 1623 424 1704 speciae
440 1631 661 1704 cousequeum
676 1622 709 1683 in
724 1621 896 1683 humilitate
914 1640 1008 1703 poam
1027 1621 1092 1703 ipsa
1113 1623 1234 1686 ultimas
1256 1623 1374 1686 radices

222 1730 289 1802 agot
303 1714 436 1799 caritas‚'
449 1740 485 1782 ac
499 1720 636 1783 omnium
658 1720 805 1784 intutum
820 1719 935 1782 tructus
955 1719 1087 1800 protei-ct
1107 1720 1286 1783 uberrimos.
1302 1720 1374 1797 tlue

221 1839 283 1883 mu
293 1819 435 1883 moneridi
445 1826 499 1882 aut
511 1817 653 1881 hortandi
661 1818 706 1878 tui
717 1817 814 1897 gratia
824 1815 1038 1892 Nosdicimus‚
1050 1835 1121 1878 oum
1133 1835 1254 1879 necesse
1264 1817 1297 1879 id
1308 1836 1373 1880 esso

220 1926 453 1998 amputemus,
473 1915 528 1979 sad
547 1914 639 1991 illud,
660 1914 744 1995 quod
764 1917 829 1976 Deo
851 1921 979 1975 vocantu
999 1914 1128 1995 suscipis
1150 1915 1373 1976 sanctissimum

221 2013 288 2075 vite
302 2013 473 2075 institutum
494 2012 548 2073 tibi
570 2012 670 2092 magis
685 2011 842 2093 magisque
862 2011 1107 2086 commendandi.
1131 2012 1292 2093 Reliquum
1309 2019 1372 2089 est,

221 2110 416 2171 dilectissima
433 2109 463 2169 in
477 2108 598 2172 Christo
615 2109 678 2172 etis
692 2117 813 2186 nostra,
835 2116 871 2170 ut
894 2109 1043 2191 precipue
1058 2110 1131 2171 illud
1149 2110 1204 2170 tibi
1219 2128 1299 2171 cure
1315 2109 1372 2185 sit,

224 2224 286 2286 quo
298 2205 500 2285 gratissimam
514 2223 632 2286 semper
646 2215 676 2269 tc
688 2215 811 2288 prestes
825 2209 869 2284 ei,
891 2208 940 2270 cui
952 2209 1118 2290 plurimum
1130 2207 1242 2283 debes,
1257 2211 1373 2287 optimo

223 2303 338 2368 seilicet
351 2303 389 2369 de
399 2310 429 2364 te
440 2302 560 2379 merito,
575 2302 679 2383 tuique
698 2302 907 2368 amantissimo
918 2305 1037 2367 Petenti
1052 2313 1121 2381 tuo,
1135 2323 1171 2368 ac
1184 2304 1215 2365 in
1228 2304 1289 2367 tuis
1300 2321 1374 2385 pre-

221 2401 309 2464 cibus
327 2417 450 2463 summo
469 2400 569 2462 studio
591 2400 832 2464 incolumitatem
856 2403 930 2484 ipsi,
951 2421 1115 2483 veramque
1136 2421 1172 2464 ac
1194 2407 1374 2484 perpetuam

220 2498 394 2560 felicitatem
408 2518 427 2560 a
448 2501 513 2559 Deo
526 2499 680 2579 posenno
699 2516 760 2560 non
774 2500 918 2579 desistas,
936 2502 1040 2582 illique
1049 2501 1295 2564 florentissimum
1308 2502 1373 2580 ejus

220 2597 373 2677 Regnum,
395 2595 519 2658 liberos
543 2614 724 2677 omnemque
747 2599 871 2678 Regiam
886 2601 1042 2663 Familiam
1065 2600 1290 2664 commendare.
1315 2602 1376 2660 Pro·

221 2702 324 2755 uestra
334 2711 455 2755 summa
468 2693 571 2754 itidem
581 2694 709 2758 caritate
727 2695 760 2756 id
773 2696 964 2759 veliementer
980 2705 1042 2759 ate
1057 2717 1092 2760 ao
1103 2699 1172 2777 jure
1186 2697 1372 2777 flagitamus,
1425 2693 1427 2697 ’
1550 2685 1551 2688 “

222 2797 256 2851 ut
266 2791 359 2852 Nobis
369 2790 479 2866 etiam,
490 2789 574 2851 alteri
586 2791 699 2852 scilicet
710 2793 827 2855 Poeno
837 2794 869 2854 in
879 2795 998 2856 Christo
1009 2801 1064 2857 tuo
1074 2796 1241 2876 propitium
1250 2793 1375 2855 reddere

221 2887 386 2948 contendas
396 2889 509 2962 Deum,
523 2904 655 2966 eumque
668 2905 725 2966 pm
739 2889 902 2950 commissa
912 2897 1021 2951 nostre
1032 2890 1224 2951 sollicitudini
1241 2889 1375 2949 Ecclesia

223 2982 342 3043 assidue
362 2983 552 3062 depreceris,
564 3001 693 3062 proque
710 2985 808 3045 11111110
822 3003 906 3045 nunc
925 2985 1089 3045 studiosior
1100 3002 1165 3045 esse
1180 2985 1288 3058 debes,
1302 3000 1373 3044 cum

222 3080 321 3140 eidem
334 3079 415 3139 tacta
429 3079 472 3140 sis
491 3077 719 3157 quodammodo
738 3080 835 3139 multo
853 3080 1053 3157 conjunctior.
1078 3079 1156 3139 lllud
1175 3080 1304 3140 invicem
1320 3078 1372 3139 tibi

222 3176 370 3257 persuade
383 3177 447 3237 Nos
456 3177 553 3236 Datim
567 3175 601 3235 0.
621 3175 662 3235 ld.
686 3192 843 3254 nunquam
856 3176 972 3256 precari
996 3176 1235 3252 intermissuros,
1251 3183 1295 3237 ut.
1304 3192 1375 3236 sus-
1436 3200 1437 3203 ¹

221 3284 310 3358 cepta
327 3295 344 3337 a
360 3283 391 3337 te
407 3275 534 3340 consilia
557 3274 643 3335 novis
657 3274 803 3336 virtutum
826 3293 862 3336 ao
883 3275 1050 3337 sanctitatis
1074 3274 1265 3336 incrementis
1286 3292 1375 3335 com-

222 3376 340 3458 probet.
359 3377 404 3435 Ac
414 3375 447 3435 in
457 3373 575 3436 eximia
592 3379 700 3439 nosne
710 3391 782 3452 erga
794 3380 825 3435 te
837 3379 971 3455 patema
985 3372 1146 3434 vonimus
1159 3371 1271 3452 pignus
1287 3389 1378 3453 apos¹

223 3472 346 3534 tolicam
364 3470 605 3533 benedictionem
631 3469 702 3546 tibi,
724 3469 918 3532 dilectissima
939 3470 970 3530 in
991 3469 1108 3531 Christo
1121 3468 1183 3532 tilia
1199 3478 1318 3546 nostre,
1339 3486 1379 3529 ac·

223 3569 363 3630 universo
376 3575 430 3631 tuo
440 3566 667 3629 Cannelitarum
680 3564 782 3627 01111111
797 3565 906 3627 intimo
915 3565 1032 3646 paterni
1046 3564 1146 3627 cordis
1156 3583 1245 3625 sensu
1265 3581 1374 3626 aman-

224 3665 335 3728 tissime
348 3665 550 3746 impautimua.
567 3664 677 3724 uatum
688 3652 798 3732 lim,
812 3669 883 3732 ato,
900 3675 934 3723 14
945 3668 1066 3742 aequati
1079 3664 1373 3740 1111,ροη11]11111111

224 3769 317 3826 nostri
328 3780 410 3824 aneo
423 3767 522 3824 tertio.

705 3846 887 3861 *—

751 3923 843 3992 CLII.

483 4065 650 4107 missum
670 4065 703 4105 m
728 4062 862 4104 cuuisro
886 4062 972 4105 eluto
996 4061 1113 4104 nosnno

337 4137 532 4243 tunulum
554 4143 793 4204 auunculum
816 4144 906 4202 REGI
928 4141 1263 4203 CllllISTlANlSSlMO
1378 4173 1380 4179 π

511 4236 768 4326 'cLuuuNs
796 4250 924 4326 PAPA
954 4248 1059 4324 XlV.

976 4381 1074 4437 Romae,
1089 4381 1116 4424 tl
1130 4376 1225 4439 augusti
1242 4380 1307 4426 1771.

270 4454 439 4526 Carissimo,
453 4464 510 4520 etc.
524 4458 597 4519 Ullis
616 4460 704 4539 plane
720 4459 817 4520 verbis
836 4458 984 4539 explicare
1002 4475 1063 4517 non
1082 4457 1216 4519 volemus
1234 4455 1370 4518 intimam
