3194 5354
764 459 968 518 abusuris
985 460 1052 516 xlv
1087 514 1091 523 .

794 664 1011 737 CLXXXVII.

744 852 935 894 vulturnum
957 853 1072 897 aarum

428 976 646 1038 maranno
667 975 838 1037 laroma
860 976 1047 1039 ariscoro
1066 976 1393 1041 rruaaaonnuusr
1491 1002 1497 1021 ·

638 1116 874 1206 CLEMENS
901 1120 1030 1198 PAPA
1057 1119 1164 1197 XIV.

1059 1298 1158 1350 nomae,
1173 1298 1203 1340 26
1220 1291 1334 1341 tebroarii
1346 1296 1416 1343 tm.

373 1417 578 1494 Venerabilis,
593 1423 649 1478 etc.
671 1418 704 1477 ln
715 1415 807 1478 literis
822 1417 881 1478 tuis
895 1417 934 1479 ad
954 1435 1009 1479 nos
1024 1417 1072 1479 die
1093 1418 1147 1478 Xll
1157 1418 1288 1496 januarii
1302 1417 1380 1480 datis
1393 1437 1481 1500 mag-

201 1501 204 1507 ’
329 1534 442 1597 noperc
469 1514 633 1576 Nobiscum
660 1514 724 1594 agis
748 1513 786 1575 de
813 1532 904 1576 causa
928 1511 1222 1589 llarservinlreliana,
1249 1515 1408 1594 adquam
1432 1523 1479 1594 te,

328 1612 512 1676 Venerabilis
525 1614 641 1688 Frater,
664 1629 817 1674 summurn
834 1618 954 1693 tuaeque
966 1611 1107 1692 pastorali
1122 1611 1302 1674 solicitudini
1323 1623 1482 1676 consenta-

329 1730 422 1773 neum
434 1708 606 1771 instituendi
621 1709 652 1769 in
665 1707 721 1770 ista
744 1708 867 1770 llioecesi
884 1707 1040 1771 Seminarii
1058 1708 1192 1770 studium
1207 1707 1336 1785 induxit,
1351 1711 1481 1773 incredi-

327 1808 387 1869 bile
401 1824 473 1868 sane
485 1811 546 1882 est,
559 1812 673 1886 quanto
685 1823 741 1868 nos
754 1805 916 1884 flagremus
927 1804 1091 1879 desiderio,
1105 1812 1136 1867 ut
1148 1824 1203 1888 par
1215 1807 1324 1887 optatis
1337 1826 1374 1869 ac
1389 1810 1482 1870 meri·

327 1904 432 1968 tistuis
448 1904 628 1985 respondeat
644 1905 753 1978 exitus,
769 1913 859 1983 atque
874 1920 912 1964 ex
930 1907 1033 1963 nostra
1046 1908 1159 1982 tuaque
1175 1901 1320 1963 sententia
1330 1906 1481 1967 ea'omnis

329 2002 532 2066 controuersia
541 2000 706 2063 decidatur.
719 2002 778 2063 Sed
789 2000 862 2062 dum
876 1999 906 2061 id
918 1999 1069 2080 cupimus,
1080 1999 1265 2062 Venerabilis
1274 2000 1391 2079 Frater,
1403 2003 1479 2064 nibil

328 2119 419 2181 agere
441 2100 605 2176 debemus,
632 2116 693 2179 quo
707 2097 876 2159 detractum
894 2113 949 2176 per
971 2096 1031 2156 Nos
1054 2094 1219 2176 quidquam
1232 2104 1301 2158 ‘asse
1324 2097 1363 2160 de
1381 2099 1479 2161 alieno

325 2201 395 2286 jure
411 2197 558 2260 videatur.
586 2196 643 2276 Agi
659 2197 723 2274 iam
742 2213 779 2257 ea
794 2202 892 2275 coepta
910 2203 973 2264 est,
989 2203 1021 2254 ut
1031 2194 1127 2270 nosti,
1152 2212 1243 2257 causa
1256 2193 1287 2255 in
1303 2194 1362 2257 hac
1375 2202 1479 2259 nostra

325 2295 561 2374 congregatione
575 2291 742 2354 Tridentini
753 2291 874 2353 concilii
889 2291 1061 2372 interprete,
1072 2291 1110 2354 de
1122 2290 1209 2370 cujus
1218 2289 1325 2369 judicii
1339 2293 1477 2375 aequitate

325 2411 362 2453 ac
375 2392 518 2472 sapientia
534 2390 609 2452 certi
631 2392 720 2471 plane
731 2408 850 2466 sumus,
872 2408 970 2471 neque
987 2390 1153 2473 quidquam
1164 2388 1203 2450 ab
1217 2409 1254 2452 ea
1270 2407 1335 2452 non
1346 2390 1477 2473 diligen-

326 2491 438 2551 tissime
449 2489 615 2568 cognitum,
631 2505 797 2567 expensum
810 2497 900 2567 atque
915 2495 1015 2550 actum
1031 2489 1067 2550 iri
1080 2488 1262 2551 dubitamus.
1279 2487 1371 2552 Videt
1380 2490 1431 2553 illa
1441 2509 1477 2553 ac

277 2661 279 2665 Ι
325 2588 520 2648 vehementer
532 2586 725 2648 commendat
739 2593 790 2648 tua
808 2605 864 2666 pro
881 2586 1001 2651 diecesi
1015 2587 1131 2666 studia,
1144 2595 1296 2670 quantum
1318 2590 1476 2653 nos'etiam

326 2687 380 2741 tua
394 2697 485 2741 causa
497 2679 683 2757 laboremus,
699 2682 840 2762 perspicit
845 2706 855 2759 3
871 2691 904 2745 ut
917 2685 1060 2765 proinde,
1073 2686 1181 2767 siquid
1194 2685 1250 2768 ipsi
1262 2686 1433 2750 cauendum
1445 2689 1476 2751 in

323 2777 383 2840 boc
404 2777 520 2858 judicio
546 2777 622 2856 erit,
646 2797 752 2841 cauere
771 2779 899 2842 maxime
913 2781 1042 2863 debeat,
1058 2780 1224 2865 nequid'en
1249 2782 1342 2845 animi
1358 2790 1475 2865 ergate

324 2876 514 2938 inclinatione
533 2876 723 2956 pronunciet.
739 2877 814 2940 lllud
827 2896 898 2941 sane
915 2881 994 2956 Nos,
1012 2881 1204 2961 quantumin
1218 2880 1312 2943 Nobis
1330 2886 1379 2943 est
1390 2927 1399 2959 ,
1411 2881 1476 2961 jam

322 2975 542 3051 mandavimus,
552 2981 585 3037 ut
596 2993 689 3056 quam
700 2976 807 3056 poterit
820 2974 1040 3056 expeditissime
1053 2975 1092 3038 ad
1103 2976 1217 3038 exitum
1229 2994 1322 3039 causa
1328 2974 1475 3059 perduca-

322 3081 371 3135 tur
381 3097 389 3150 ;
400 3074 528 3154 quodeo
540 3073 627 3136 citius
640 3071 702 3150 liet,
714 3090 775 3152 quo
787 3077 888 3152 partes
897 3079 985 3134 erunt
993 3071 1095 3133 adsue
1105 3068 1267 3132 deferenda
1276 3068 1475 3152 jurapromp·

322 3168 425 3230 tiores.
446 3170 537 3232 Vides
547 3169 631 3248 jam,
643 3166 829 3230 Venerabilis
842 3169 956 3245 Frater,
979 3167 1018 3229 ad
1029 3184 1098 3229 eam
1110 3167 1311 3245 voluntatem,
1325 3184 1386 3247 qua
1400 3182 1474 3246 erga

322 3271 352 3323 te
370 3283 485 3343 sumus,
498 3265 571 3327 nihil
586 3264 729 3327 accedere
743 3282 830 3346 posse
840 3308 849 3342 ,
858 3263 913 3325 nisi
926 3264 1194 3345 opportunitatem,
1209 3281 1271 3345 qua
1280 3263 1405 3326 eandem
1417 3262 1473 3325 tibi

321 3362 420 3441 reipsa
431 3364 635 3438 declaremus,
649 3363 728 3424 unde
742 3361 877 3443 proiecto
890 3361 978 3423 facile
997 3362 1195 3441 intelligeres,
1212 3361 1293 3425 baud
1307 3360 1474 3445 quidquam

322 3465 464 3525 interesse
476 3470 529 3525 tua
538 3479 639 3543 posse,
651 3463 739 3540 qu'us
753 3463 813 3524 Nos
822 3461 984 3542 plurimam
993 3479 1012 3523 a
1022 3460 1115 3522 Nobis
1124 3460 1297 3539 habendam
1308 3462 1475 3525 mietio·

321 3581 392 3625 nem
413 3563 645 3625 conducamus.
661 3563 705 3622 Ac
721 3560 751 3620 in
763 3559 925 3641 pontiliciae
937 3558 1071 3622 caritatis
1084 3560 1195 3641 pignus
1205 3560 1403 3643 apostolicam
1416 3561 1474 3625 be-
1496 3634 1501 3641 .

320 3661 521 3723 nedicb'onem
541 3658 614 3737 tibi,
631 3657 817 3720 Venerabilis
831 3659 945 3733 Frater,
960 3665 1081 3738 tuaeque
1097 3656 1166 3719 tidei
1182 3658 1345 3721 commisso
1357 3658 1474 3741 populo

321 3765 510 3838 peramanter
522 3757 722 3838 impertimur.
737 3756 849 3816 Datum
864 3756 984 3825 Romae,
1008 3762 1078 3831 etc,
1102 3755 1151 3816 die
1169 3764 1205 3815 aa
1219 3755 1369 3830 februarii
1384 3764 1472 3831 lm,

320 3857 515 3931 pontificatus
532 3859 625 3912 nostri
640 3871 721 3913 cano
734 3856 835 3912 tertio.
1459 3858 1462 3865 '
