3194 5354
227 529 281 582 M
656 523 858 579 elenensis
875 523 939 577 xlv

226 631 341 693 meritis
354 631 436 692 nullo
449 630 540 692 modo
551 649 723 711 possumus,
736 630 847 690 habere
861 636 973 705 tamen,
989 634 1193 709 perpetuoque
1207 631 1270 692 Nos
1281 629 1376 694 liabi-

225 734 311 789 turos
330 727 516 807 profitemur.
538 726 651 788 Dilecto
671 727 734 788 filio
751 725 845 787 nobili
865 724 930 786 viro
952 723 1044 804 equiti
1058 725 1199 803 Munin0‚
1215 745 1309 806 quem
1334 731 1378 790 ob

226 844 295 886 suas
309 824 424 900 laudes,
443 824 546 901 tidem,
560 824 719 886 eonsilium
739 830 830 905 atquc
844 821 1033 899 industriam,
1042 821 1074 884 in
1091 822 1211 904 egregia
1224 824 1280 885 tibi
1293 827 1376 908 apud

225 924 286 984 Nos
299 923 438 985 novanda
449 941 543 1003 opera
555 922 675 1003 plurimi
688 921 829 999 facimus,
840 940 876 984 ac
888 919 1050 1001 diligimus,
1066 938 1171 982 sensus
1183 928 1305 985 nostros
1318 943 1379 986 co-

225 1032 291 1081 ram
308 1019 490 1100 aperuimus,
505 1025 536 1080 et
549 1018 702 1100 quomodo
717 1017 829 1079 incensi
844 1023 897 1078 tuo
911 1015 1057 1079 beneficio
1070 1021 1160 1097 atque
1172 1035 1244 1097 erga
1257 1025 1289 1079 te
1305 1020 1375 1080 ani-

226 1118 298 1179 mati
319 1117 413 1179 simus
432 1118 602 1178 luculenter
619 1113 871 1196 summamus,
887 1113 1057 1194 quasillum
1079 1131 1135 1194 pro
1150 1132 1204 1175 sua
1218 1113 1375 1194 diligentia

226 1222 365 1276 accurate
379 1214 416 1275 ad
429 1221 459 1275 te
470 1214 706 1295 perscripturum
720 1211 844 1274 omnino
863 1211 986 1273 scimus.
1002 1210 1079 1271 Illud
1099 1211 1311 1273 tantummodo
1325 1212 1376 1273 his

224 1311 316 1372 etiarn
330 1308 435 1372 litteris
454 1308 604 1386 addimus,
616 1311 678 1370 Nos
695 1319 815 1371 summa
833 1314 961 1390 paterna
973 1307 1098 1369 caritate
1119 1326 1239 1370 summo
1252 1308 1373 1386 studio,
1391 1330 1397 1341 ·

224 1413 371 1485 qrrantum
384 1406 412 1469 in
425 1407 517 1469 Nobis
526 1415 582 1483 est,
592 1413 621 1468 te
630 1415 757 1487 tuasque
767 1423 815 1468 res
825 1421 942 1481 omues,
952 1411 987 1466 nt
997 1405 1143 1467 hactenns
1153 1404 1279 1467 fecimus
1290 1425 1376 1468 com-

224 1502 376 1581 plexuros,
389 1503 503 1584 tibique
518 1522 536 1564 a
553 1505 615 1564 Deo
626 1502 748 1584 Optimo
761 1500 892 1563 Maximo
906 1501 1109 1580 universeque
1122 1500 1211 1581 regia
1222 1501 1325 1563 domui
1337 1520 1376 1561 ac

225 1598 415 1663 dilectissimo
428 1601 459 1662 in
473 1599 589 1662 Christo
600 1599 663 1661 filio
678 1604 782 1661 nostro
794 1599 901 1659 Carolo
914 1598 1057 1659 Clementi
1067 1599 1175 1679 Nepoti
1188 1605 1260 1676 tuo,
1280 1617 1374 1680 quem

224 1696 265 1757 ob
280 1715 430 1760 summam
442 1715 513 1759 cum
527 1716 564 1758 eo
577 1693 831 1758 necessitudinem
845 1691 972 1755 mirifico
984 1711 1021 1755 ac
1032 1692 1221 1773 singulariter
1232 1711 1375 1756 aramius

224 1781 384 1875 prosperos
404 1795 476 1856 ritae
500 1794 656 1876 Remique
678 1811 801 1869 cursus,
822 1791 1060 1854 incolumitatem
1080 1797 1112 1852 ot
1135 1791 1259 1871 gloriam
1282 1793 1374 1854 enixo

224 1890 1374 1974 semperprecaturos.mniinuoemnostramhancintevotuntaumgmtam

225 1997 314 2072 atque
327 1998 481 2072 acceptam
498 1989 631 2051 futuram
645 1987 770 2049 minime
785 1986 970 2062 dubitamus,
991 1992 1082 2066 atque
1099 1987 1156 2048 etsi
1170 1987 1201 2048 in
1216 1987 1375 2050 Merenda

225 2088 279 2149 tibi
296 2089 392 2168 gratia
406 2107 462 2169 pro
476 2093 599 2149 tuorum
617 2085 795 2146 meritonam
806 2083 979 2164 prestantia
992 2082 1086 2144 Nobis
1099 2083 1173 2164 ipsis
1185 2083 1309 2148 minime
1322 2105 1375 2149 sa-

225 2184 362 2248 tisfacere
375 2185 542 2266 possimus,
558 2183 611 2244 tibi
630 2190 733 2244 tamen
755 2181 814 2242 hoc
837 2181 904 2262 ipso
925 2187 1013 2260 grato
1032 2181 1136 2262 tuique
1153 2180 1374 2247 studiosissimo

224 2290 326 2344 nostro
346 2283 447 2345 animo
463 2281 677 2343 satisfacturos.
704 2282 748 2340 Ac
765 2280 889 2341 deinum
904 2279 1013 2342 divinae
1029 2280 1133 2360 gratia
1150 2273 1322 2361 auspicem,
1342 2292 1374 2346 ct

224 2389 334 2443 nostrae
354 2387 484 2461 patema
504 2380 534 2440 in
555 2387 586 2440 te
603 2378 736 2440 caritatis
755 2378 884 2441 indicem
908 2380 1106 2461 apostolicam
1128 2380 1372 2447 benedictionem

226 2479 378 2541 catholicae
402 2479 550 2556 Majestati
575 2480 646 2539 Tua
662 2478 769 2541 intimo
793 2479 910 2561 paterni
932 2479 1031 2563 cordis
1054 2497 1143 2543 sensu
1166 2482 1373 2546 amantissimo

223 2576 421 2657 impertimur.
441 2579 549 2638 Datum
560 2579 673 2649 Boinoa,
685 2579 767 2658 apud
775 2579 918 2641 Sanctam
930 2579 1061 2642 Marium
1071 2579 1229 2658 Majoccm,
1239 2580 1294 2642 sud
1305 2583 1372 2644 An-

224 2674 297 2734 nulo
320 2673 502 2744 Piscator-ic,
525 2674 575 2732 rlc‘c
601 2685 638 2734 tu
658 2675 823 2735 decembris
843 2685 931 2753 ¹778,
956 2679 1149 2755 pontificatus
1174 2685 1271 2740 norim
1293 2699 1374 2742 nnnc

222 2774 335 2850 quinto.

704 2877 879 2890 ...ῃ-ι...

712 2993 876 3066 ccxllx.

674 3151 810 3195 nrarcro
832 3152 920 3195 raam

641 3257 944 3318 MlGNONNEAU

515 3378 749 3457 CLEMENS
776 3381 904 3458 PAPA
930 3381 1038 3458 XIV.

953 3543 1050 3599 Poma,
1066 3541 1208 3602 ιηιιωτίὶ
1226 3543 1291 3591 177⁴.

261 3643 388 3714 Dilecto,
400 3647 456 3704 cte.
468 3640 607 3704 Reddidit
619 3643 712 3705 Nobis
719 3643 847 3707 dilectus
856 3645 934 3707 illius
948 3653 1050 3708 noster
1057 3645 1365 3710 Framisousloachi-

219 3759 287 3802 mus
299 3742 330 3802 S.
348 3742 384 3802 lt.
397 3742 434 3801 E.
450 3740 614 3802 Gardinalis
632 3741 670 3803 de
683 3741 787 3805 Bornis
800 3762 861 3805 una
874 3761 946 3806 cum
960 3744 1020 3807 tuis
1029 3745 1137 3808 litteris
1149 3746 1238 3808 Man
1249 3747 1365 3807 Domus

219 3838 434 3918 rothmagum
447 3839 646 3917 numismata,
664 3846 694 3901 ct
709 3841 925 3904 Calnetianam
945 3842 1037 3922 hujus
1060 3842 1243 3906 collectionis
1265 3843 1366 3907 decla·

217 3935 384 4013 rationcm,
397 3941 427 3996 ct
440 3953 512 3996 mnu
525 3935 663 3998 redderet
674 3937 705 3998 id
717 3957 735 4000 a
748 3946 779 4000 oe
790 3940 1000 4004 transmissum
1017 3960 1139 4006 munus.
1152 3944 1251 4007 Taua
1264 3943 1296 4006 in
1308 3962 1365 4008 nos

218 4034 399 4116 singularem
417 4031 641 4094 observantiam
660 4034 835 4113 gravissimo
861 4056 916 4100 sno
941 4039 1116 4102 testimonio
1153 4039 1363 4119 coadunavit,

219 4140 379 4214 ntmmque
392 4131 481 4193 nobis
491 4135 665 4212 pergratum
686 4133 813 4210 accidit,
826 4141 857 4196 et
873 4135 1017 4217 pietatem
1033 4136 1064 4197 in
1078 4138 1140 4200 Nos
1151 4143 1252 4210 tum,
1269 4155 1365 4218 quam

218 4248 320 4291 coram
333 4231 425 4293 Nobis
439 4248 509 4292 oum
533 4230 581 4291 his
599 4247 694 4308 esses,
710 4231 868 4294 declarasti
887 4241 950 4294 tam
971 4233 1121 4295 luculenta
1145 4240 1238 4315 atqua
1255 4232 1365 4296 illustri

219 4342 298 4384 inuno
308 4328 467 4390 voluntatis
478 4336 537 4391 ture
544 4327 759 4409 significatione
771 4331 974 4411 comprobari,
985 4340 1016 4394 et
1026 4351 1062 4393 ea
1074 4332 1112 4393 ad
1118 4335 1181 4395 Nos
1191 4331 1366 4396 clarissimo

218 4424 330 4482 Domus
348 4436 542 4488 monumenta
560 4445 624 4488 esse
639 4426 757 4504 delata,
776 4446 840 4508 quae
856 4429 987 4508 plurima
1007 4430 1173 4510 splendoris
1192 4431 1366 4494 accessione

218 4521 342 4580 arictum
356 4517 414 4580 sint
429 4523 605 4585 Vaticanum
618 4525 754 4587 Museum
768 4533 916 4587 nostrum.
934 4528 1037 4607 ltaque
1049 4546 1103 4590 eas
1118 4528 1173 4590 tibi
1185 4546 1241 4591 nos
1251 4528 1367 4591 halam
