3194 5354
395 478 578 532 errsroua·
596 479 640 531 nr
659 459 795 531 naevia
814 479 1047 535 succurrunt.
1239 485 1288 535 ror

622 643 805 714 CLXXVll.

520 830 524 838 .
585 801 731 844 truncus
752 801 846 844 mus

473 900 664 962 CAPITULO
684 902 734 961 ET
754 900 959 960 GANONICIS

351 1015 625 1065 nemoromrnn
642 1016 803 1067 accursus
818 1015 1076 1065 succurramus

435 1109 669 1190 CLEMENS
709 1115 840 1192 PAPA
867 1112 978 1190 XIV.

868 1269 967 1327 Rome,
983 1263 1127 1326 injerunt
1144 1267 1211 1313 1772.

180 1367 307 1440 Dilecti,
319 1376 376 1432 etc.
389 1370 524 1432 Ecclesia
538 1371 595 1433 ista
608 1372 839 1453 Metropolitana
850 1370 1083 1450 salisburgensis
1088 1355 1100 1447 ¹,
1109 1366 1209 1431 dilecti
1224 1367 1288 1442 lilii,

138 1464 196 1528 snb
215 1464 349 1547 pristinis
363 1466 597 1549 archiepiscopis
611 1469 689 1547 suis,
714 1488 750 1530 ac
769 1470 827 1531 sub
846 1488 883 1531 eo
897 1468 1107 1549 potissimum,
1123 1466 1175 1548 qui
1193 1482 1290 1546 nuper

140 1571 264 1644 ereptus
273 1582 427 1627 summum
444 1566 489 1628 sui
501 1565 685 1628 desiderium
693 1567 786 1629 Nobis
797 1567 929 1648 reliquit,
939 1565 1070 1647 plurimo
1082 1563 1288 1644 utdiguitatis‚

135 1661 181 1724 ita
193 1662 309 1725 virtutis
329 1663 487 1744 splendore
509 1683 627 1744 semper
648 1665 766 1726 enituit.
783 1665 913 1726 Maxime
935 1661 1062 1743 proinde
1081 1668 1240 1743 optamus,
1256 1669 1289 1723 ut

138 1758 197 1820 sub
210 1777 247 1820 eo
260 1760 352 1822 etiam
367 1778 459 1841 quem
469 1759 623 1822 suffecturi
643 1761 792 1842 suffragiis
803 1761 909 1848 vestris
923 1761 1021 1837 eritis,
1036 1760 1142 1823 eadem
1164 1778 1288 1822 suarum

138 1855 260 1918 laudum
273 1862 453 1919 ornamenta
468 1851 668 1939 imposterum
679 1861 806 1924 retineat
814 1884 823 1938 ;
837 1879 933 1942 neque
947 1859 1048 1920 minus
1061 1864 1160 1920 vestro
1171 1857 1287 1936 studio,

139 1960 298 2033 vestraque
316 1972 390 2015 cura
405 1971 441 2015 ac
452 1955 612 2035 prudentia
625 1957 689 2020 iore
705 1957 900 2034 confidimus,
914 1961 949 2018 ut
963 1955 1046 2036 quod
1059 1973 1138 2034 saepe
1157 1960 1245 2015 autea
1258 1954 1287 2016 in

138 2048 279 2109 antistitis
298 2051 442 2112 electione
453 2051 580 2128 lecistis,
602 2072 683 2115 nunc
704 2054 809 2116 itidem
824 2053 922 2116 eidem
935 2051 1075 2114 Ecclesia
1089 2050 1152 2112 sitis
1170 2052 1287 2131 egregie

137 2146 314 2208 consulturi.
330 2149 443 2209 Verum
455 2154 490 2209 ut
509 2169 633 2231 operam
652 2152 745 2212 etiam
761 2157 896 2212 nostram
911 2156 1001 2229 atque
1017 2148 1228 2208 auctoritatem
1248 2148 1287 2208 ad

136 2243 202 2319 ejus
228 2261 320 2324 quam
343 2243 585 2308 florentissimam
610 2266 673 2308 esse
697 2247 855 2327 cupimus,
881 2244 1042 2309 commoda
1066 2243 1287 2322 utilitatemque

136 2338 344 2420 conseramus,
355 2361 392 2404 ea
402 2342 566 2423 praesertim
580 2344 697 2406 ratione
708 2344 891 2422 inducimur,
906 2342 988 2424 quod
1001 2340 1091 2403 arctis
1104 2341 1286 2421 quibusdam

136 2437 276 2499 concludi
290 2439 400 2502 tinibus
414 2441 552 2502 videntur
561 2441 674 2521 judicia
687 2450 795 2521 vestra,
811 2443 836 2503 si
850 2460 955 2503 eorum
964 2440 1057 2501 etiam
1072 2445 1202 2518 quatuor
1218 2457 1287 2501 ves-

138 2543 255 2599 trorum
268 2538 300 2599 in
313 2539 492 2601 canonicatu
504 2541 703 2621 collegarum,
717 2541 769 2621 qui
782 2539 918 2619 ejusdem
931 2537 1168 2619 Metropolitauae
1182 2535 1287 2598 suifra-

134 2633 222 2713 gauei
239 2635 372 2719 episcopi
389 2646 460 2700 sunt
480 2639 628 2701 rationem
648 2639 679 2700 in
701 2638 830 2701 comitiis
846 2637 958 2698 habere
973 2653 1034 2698 non
1056 2634 1188 2716 possitis.
1208 2633 1285 2701 Fieri
1323 2651 1356 2684 ’κ

136 2731 216 2791 enirn
233 2732 321 2795 facile
346 2743 461 2815 potest,
485 2743 520 2797 ut
544 2755 613 2814 vos,
634 2737 686 2817 qui
712 2736 837 2818 propius
855 2736 989 2815 ipsorum
1008 2733 1176 2814 pastorales
1197 2751 1286 2794 curas

137 2828 297 2909 inspicitis,
315 2836 488 2915 quempiam
509 2854 546 2896 ex
563 2836 618 2911 iis,
634 2855 726 2916 aquo
743 2834 938 2897 commissam
953 2838 1043 2893 tanta
1059 2829 1194 2893 dioecesis
1212 2848 1286 2908 par-

137 2933 198 2985 tem
209 2927 322 3006 optime
335 2930 396 3009 regi
411 2929 669 3010 administrarique
684 2930 824 3003 videatis,
838 2927 1027 3007 aptissimum
1040 2925 1103 2986 iore
1111 2969 1120 3002 ,
1134 2925 1185 3005 qui
1198 2925 1285 2986 Salis·

135 3023 277 3101 burgensi
289 3025 419 3086 ecclesie
432 3025 548 3106 presit,
565 3044 600 3085 ac
617 3026 730 3085 ceteris
740 3021 957 3105 praeferendum
968 3019 1125 3080 censeatis.
1140 3022 1183 3081 Ne
1195 3020 1284 3099 igitur

135 3218 360 3297 opportunitate
373 3239 410 3281 ex
433 3218 628 3300 suffraganeis
649 3237 768 3300 unaque
790 3216 911 3296 collegis
928 3213 1034 3276 vestris
1052 3216 1216 3296 capienda,
1235 3218 1284 3281 ia-

135 3314 274 3377 ciendam
286 3317 370 3378 vobis
383 3317 454 3398 ipsis
467 3335 534 3379 esse
547 3335 629 3379 nunc
639 3335 693 3399 per
706 3319 767 3380 Nos
780 3321 961 3399 potestatem
979 3313 1105 3395 eligendi
1119 3316 1283 3397 quemlibet

135 3432 172 3473 ex
184 3413 219 3475 iis
233 3419 364 3494 quatuor
375 3414 520 3497 episcopis
529 3461 539 3492 ,
559 3414 606 3475 cui
622 3414 856 3494 Salisburgensis
875 3412 1004 3476 ecclesia
1016 3413 1235 3492 committatur,
1258 3416 1282 3479 si

135 3508 177 3571 ita
192 3510 222 3571 in
237 3512 364 3573 Domirm
379 3511 563 3590 indicabitis,
581 3509 781 3572 decrevimus.
797 3512 918 3591 ltaque,
930 3508 1031 3571 dilecti
1044 3508 1117 3585 lilii,
1133 3510 1283 3589 quemad-

135 3605 259 3667 modum
270 3607 403 3688 singuios
416 3614 550 3669 vestrum
568 3607 692 3687 eligendi
705 3608 791 3670 volan
805 3609 855 3687 jus
866 3614 928 3686 est,
939 3607 982 3668 ita
995 3626 1048 3688 per
1062 3608 1153 3669 hasce
1164 3615 1283 3671 nostras

134 3700 165 3762 in
183 3702 280 3765 tonna
299 3704 401 3766 Brevis
421 3704 523 3766 literas
533 3704 707 3768 facultatem
724 3704 809 3766 vobis
825 3704 904 3766 uino
925 3703 1090 3785 apostolica
1105 3703 1282 3768 auctoritate

134 3800 325 3863 concedimus
335 3821 370 3863 ac
390 3802 591 3883 impertimur,
602 3813 636 3866 ut
653 3803 685 3866 in
696 3803 742 3865 his
755 3801 968 3866 tautummodo
979 3800 1282 3884 archiepiscopalibus

113 3894 278 3970 comitiis,
301 3914 368 3975 quae
390 3898 526 3978 proxime
549 3900 690 3962 habenda
709 3900 797 3962 isthic
821 3905 907 3978 sunt,
938 3911 1161 3979 quemcumque
1186 3918 1223 3960 ex
1246 3899 1281 3960 iis

133 3999 264 4071 quatuor
279 3994 400 4073 collegis
413 3995 535 4074 vestris,
553 3996 604 4079 qui
626 3996 657 4059 in
672 3996 730 4059 ista
749 3996 866 4058 dioeoesi
880 3995 1105 4076 suffraganeum
1121 3995 1281 4075 episcopa-

133 4097 198 4152 tum
221 4098 330 4170 gerunt
347 4110 442 4153 unum
462 4094 569 4173 eligere
588 4093 618 4155 in
632 4092 888 4174 Salisburgeusem
899 4090 1177 4173 archiepiscopum,
1197 4090 1221 4151 si
1240 4090 1281 4152 ita

133 4189 282 4251 ridebitur
302 4191 460 4271 expedire,
484 4192 724 4272 quibuscumque
742 4191 773 4252 in
795 4189 980 4253 contrarium
999 4186 1280 4266 nonobstantibus,

134 4284 267 4346 valeatis.
280 4288 323 4347 Ite
334 4298 397 4367 que‘
407 4290 602 4351 concessione
616 4296 719 4351 nostra
734 4289 776 4351 ita
786 4289 870 4351 vobis
881 4286 1014 4350 maxime
1023 4303 1202 4365 persuasum
1216 4304 1280 4349 esse

133 4384 273 4444 volumus
281 4429 290 4460 ,
304 4383 376 4447 nihil
391 4384 471 4447 aliud
484 4387 673 4468 propositum
684 4385 777 4447 Nobis
788 4385 818 4447 iu
835 4383 937 4445 animo
950 4381 1055 4458 luisse,
1068 4379 1125 4443 nisi
1137 4387 1170 4445 ut
1186 4382 1281 4464 aqui-⁸

134 4480 205 4543 tatis
218 4480 362 4544 rationem
378 4481 406 4544 in
430 4485 641 4566 arnplilicanda
659 4492 758 4546 restra
776 4485 921 4546 facultate
940 4489 1098 4563 sequentes
1115 4480 1279 4545 faciliorem
