3194 5354
470 569 652 628 EPISTOLAE
671 568 717 628 ET
737 568 867 629 beavit
887 571 1123 632 subterioris.
1315 578 1366 634 til

224 689 270 743 tar
282 680 335 741 tibi
348 694 543 758 summopere
560 679 757 757 gratulamur,
773 697 894 760 unaque
913 681 1059 761 plurimas
1075 681 1222 743 habemus
1235 684 1363 762 gratias,

222 777 305 860 qaod
315 778 393 839 bauo
409 777 502 839 Nobis
515 776 633 838 lamudi
647 794 771 839 causam
783 783 924 858 pergrato
934 777 1105 856 hujusmodi
1117 778 1217 840 allicio
1229 785 1281 841 tuo
1295 787 1366 842 tute

222 875 324 957 quein
332 877 392 939 llos
403 873 781 956 obrenmtiaptenisstmo
793 874 941 952 tribuisti,
953 875 978 937 si
990 874 1113 955 quidem
1127 875 1207 938 bunc
1221 878 1363 953 eundem,

221 988 313 1054 quem
325 988 388 1055 pru
398 972 513 1051 toleta,
527 974 559 1035 in
569 975 631 1036 ilos
645 981 733 1055 atque
747 972 952 1055 Apostolicurn
963 973 1043 1034 banc
1055 972 1164 1035 Sedent
1179 973 1313 1036 animum
1325 976 1366 1037 ita

223 1069 393 1152 acceptum
416 1078 450 1132 ut
468 1069 616 1151 optimum
640 1071 708 1133 inde
728 1071 918 1152 episcopatus
939 1070 983 1131 tui
1010 1070 1176 1151 auspicium
1198 1073 1363 1152 cupiamus.
1428 1059 1431 1064 ⁴

224 1169 513 1233 Vehementereuim
526 1167 596 1229 iuda
606 1168 697 1230 etium
711 1184 888 1248 persuasum
897 1174 944 1229 est
953 1161 1065 1245 Nobis,
1077 1174 1107 1229 te
1118 1167 1149 1229 in
1162 1169 1269 1230 eodem
1278 1187 1371 1249 egre-=

222 1265 272 1345 gie
283 1264 488 1346 pelidngdudo
500 1264 643 1326 onimium
654 1271 788 1327 nostram
801 1264 839 1325 de
852 1270 905 1326 tna
919 1265 1029 1326 virtute
1042 1264 1215 1345 opinionem
1229 1267 1364 1347 amplio-

223 1363 307 1425 ribus
319 1362 353 1424 iu
363 1360 431 1446 dies
442 1362 563 1424 mdiciis
572 1363 839 1439 coudrmaturum‚
866 1370 954 1443 teque
973 1363 1004 1424 iu
1022 1363 1081 1424 boc
1092 1379 1174 1424 novo
1184 1364 1251 1425 vite
1264 1367 1363 1426 curri-

222 1459 294 1520 cdu
314 1458 447 1522 iucundo
460 1467 583 1522 omnem
605 1467 689 1522 tuam
712 1476 834 1536 curam,
857 1475 978 1520 omnem
995 1470 1120 1540 operam
1139 1459 1178 1520 ad
1195 1460 1364 1523 animarum

224 1555 478 1633 bachmitutam,
506 1556 644 1619 Ecclesia
658 1555 816 1619 utilitatem
839 1573 875 1617 ac
894 1554 1000 1617 (baina
1024 1555 1124 1635 glorie
1146 1556 1364 1619 incrementum

223 1653 373 1736 precipue
394 1654 624 1717 «collocaturum.⁴
641 1655 706 1715 lloc
723 1672 741 1714 a
758 1661 788 1715 te
802 1652 932 1715 maxime
952 1660 1167 1734 expectamus,
1183 1653 1291 1716 dilecte
1301 1656 1363 1733 tili,

223 1755 312 1831 atque
321 1751 443 1813 bucina
450 1751 657 1814 sollicitudinis
664 1748 773 1812 tiduuia
781 1749 887 1811 brtite
897 1749 1038 1830 amulae
1050 1749 1366 1824 bamvolentianostra

223 1848 465 1930 complectimm,2
477 1847 592 1929 tibique
602 1847 704 1910 omnia
715 1854 856 1930 paterna*
864 1847 996 1910 caritatis
1009 1848 1105 1912 studia
1116 1851 1304 1931 pollicemur
1317 1853 1365 1914 Di-

224 1943 405 2005 lectuatllins
418 1945 549 2006 loannes
562 1942 700 2029 Baptista
709 1942 826 2022 Fargua
837 1943 1007 2022 ipsiusmodi
1027 1951 1144 2007 nostros
1154 1945 1232 2008 dete
1245 1963 1364 2023 sensus,

224 2054 295 2103 curu
306 2046 374 2101 tuas
382 2039 471 2100 robis
483 2037 599 2102 litteras
611 2038 763 2116 redderet,
779 2038 839 2100 sibi
845 2046 1030 2121 perspectos,
1042 2041 1166 2103 minima
1175 2040 1362 2118 dubitamus,

222 2136 296 2218 quin
307 2141 448 2198 accruate
464 2134 556 2196 etium
571 2151 629 2216 pro
648 2152 704 2196 sua
720 2133 873 2215 diligentia
891 2135 944 2197 tibi
964 2136 1185 2217 perscripturus
1200 2137 1258 2214 sit,
1274 2153 1366 2216 quem

221 2236 301 2311 Nos,
321 2233 378 2295 etsi
399 2231 483 2293 valde
502 2231 594 2293 Nobis
614 2239 701 2294 antea
723 2248 781 2312 pro
800 2249 854 2294 aru
875 2228 933 2293 lide
960 2238 991 2294 et
1011 2231 1180 2313 integritate
1203 2233 1365 2314 probatum

223 2335 315 2409 atque
329 2333 503 2410 acceptum,
523 2335 576 2389 tua
592 2335 694 2390 tamen
713 2344 805 2390 carna
825 2343 905 2389 nnnc
923 2328 1103 2410 perlibenter
1120 2329 1311 2411 excepimus,
1335 2339 1366 2391 et

221 2424 418 2505 imposterum
438 2440 558 2506 semper
576 2431 629 2486 tua
648 2430 843 2506 peragentem
860 2441 896 2486 aa
913 2423 952 2486 ad
971 2426 1035 2487 Nos
1044 2424 1229 2488 delemutcm
1245 2427 1366 2508 negotia

222 2522 376 2603 excepturi
392 2538 507 2585 sumus.
525 2522 574 2583 Ab
584 2521 696 2584 eodem
704 2527 736 2583 et
752 2519 844 2584 modo
857 2529 1002 2604 qtrmtum
1013 2523 1233 2606 postulatorum
1243 2531 1366 2589 tuorum

223 2618 370 2682 murm
384 2638 440 2702 pro
461 2619 594 2701 peculari
611 2627 717 2682 nostro
734 2620 765 2681 iu
778 2627 808 2682 te
819 2620 919 2683 audo
932 2621 1114 2701 babeamus,
1127 2622 1245 2704 etquid
1259 2629 1366 2704 postea
1497 2664 1498 2669 κ

223 2717 262 2778 de
282 2717 391 2779 dudm
413 2718 552 2799 expensis
569 2717 711 2780 omnibus
727 2716 815 2780 luerit
834 2718 1032 2781 coustitutum
1055 2719 1214 2800 intelliges.
1238 2720 1366 2781 Demum

224 2815 318 2875 item
345 2814 501 2894 Optimum
521 2814 687 2876 Maximum
699 2814 907 2891 obaecrarttam
923 2821 957 2876 ut
971 2815 1061 2876 animi
1084 2816 1127 2877 tui
1143 2817 1283 2877 virtutem
1307 2833 1367 2876 sna

221 2913 324 2991 gratia
346 2911 373 2972 ui
401 2910 440 2973 ad
463 2917 583 2973 tuntum
604 2910 811 2972 sustinendum
837 2928 949 2972 munus
966 2910 1148 2988 confirmet,
1175 2911 1365 2987 acraboret,

223 3024 388 3087 omnesque
413 3007 468 3070 tibi
495 3023 531 3068 ac
549 3005 729 3086 btoguntina
751 3007 891 3068 Ecclesia
912 3005 1081 3068 deferentes
1106 3013 1237 3087 paterne
1257 3011 1378 3067 nostre·

226 3104 388 3168 voluntatis
411 3103 526 3165 tructus
554 3101 750 3184 apostoticam
780 3100 1020 3163 benedictionem
1049 3100 1128 3179 tibi,
1152 3101 1261 3163 dilecte
1289 3101 1362 3184 lili,

224 3202 408 3284 ampmsimo
433 3199 591 3284 pontificia
614 3199 747 3263 canatis
772 3200 944 3263 testimonio
968 3201 1154 3263 comitiatum
1176 3207 1367 3282 peramanter

223 3301 424 3385 impartimur
447 3303 559 3363 Datum
575 3296 695 3370 lictum
715 3300 798 3379 apud
816 3299 960 3361 Sanctum
982 3300 1111 3359 Martum
1126 3301 1287 3377 Maiorem,
1315 3299 1368 3359 sub

225 3402 532 3471 immurmurare,
543 3399 593 3459 dte
607 3400 755 3475 tmpus&
770 3405 858 3472 trus,
867 3399 1169 3475 pmrttytcuttuuortri
1177 3413 1259 3459 sano
1269 3402 1365 3458 recto.

691 3518 874 3531 ο*-

686 3626 897 3701 cctxxxss.

445 3723 669 3835 nrmrrssru
691 3789 726 3831 ru
748 3787 880 3831 uenturo
902 3780 997 3829 rrurrs
1020 3780 1149 3829 rosaria

296 3896 472 3959 motum
491 3895 627 3959 MARIAE
647 3893 778 3957 REGIAE
798 3891 1026 3955 Gdbbtdlllibt
1046 3888 1296 3954 ramesense

533 4014 765 4100 CLEMENS
792 4016 921 4099 ΡΑΡΑ
947 4012 1055 4096 XIV.

980 4170 1073 4227 nona,
1089 4165 1222 4227 raama
1237 4164 1305 4214 rtur.
1379 4176 1380 4180 =

270 4276 486 4344 bikettastmu,
506 4281 561 4336 etc.
577 4269 666 4337 Bibas
680 4273 787 4338 eodem
801 4283 938 4357 tempore
948 4276 1002 4337 abs
1016 4281 1046 4337 te
1056 4274 1173 4336 litteras
1185 4269 1380 4350 nocemus-‚-

225 4370 335 4454 quibus
348 4377 501 4451 pergratas
513 4369 567 4431 tibi
587 4369 677 4433 luisse
689 4379 820 4453 paterne
833 4379 941 4433 uostrn
955 4388 991 4431 ec
1004 4369 1139 4450 plurima
1155 4383 1226 4446 arga
1239 4372 1270 4428 te
1287 4368 1374 4429 curi-

225 4471 296 4533 tutis
306 4468 534 4549 significationes
547 4468 712 4530 luculenter
725 4487 779 4550 pro
793 4467 901 4529 exiuria
915 4474 968 4527 tua
978 4467 1009 4527 in
1021 4468 1081 4527 Nos
1095 4464 1205 4547 pietate
1218 4463 1364 4525 declaras.

227 4570 290 4631 lluc
303 4567 368 4648 ipsu
381 4564 499 4647 pietatis
513 4571 570 4627 tua
584 4563 694 4626 liducia
707 4563 841 4642 excitati,
855 4561 1047 4626 dilectissima
1059 4563 1089 4624 in
1098 4561 1215 4625 Christo
1227 4560 1288 4622 tilia
1299 4578 1367 4620 nos·

1215 4673 1258 4723 21.
