3194 5354
654 509 857 566 ctuttntt'rts
875 508 939 563 XlV

669 629 671 632 ’
700 679 894 749 ecncun.

954 825 1061 892 Vicum,
1074 829 1103 873 22
1119 821 1224 874 februari
1237 828 1305 876 rtlt.

265 944 442 1003 Beatissimo
459 948 493 1002 in
513 943 634 1003 Christo
655 945 765 1012 Pater,
790 943 918 1003 Domine
936 939 1209 1001 Reverendt‘ssimc!
1219 939 1291 1002 Post
1302 938 1367 1001 olfi-

222 1040 418 1102 ciosisslmam
432 1039 724 1103 commendationem
744 1037 840 1102 filialis
862 1037 1060 1101 observantie
1072 1037 1250 1099 continuum
1268 1037 1369 1099 iucre-

222 1145 370 1199 mentum·
391 1140 465 1200 Cum
480 1157 535 1219 pro
549 1139 665 1201 sincero
681 1142 784 1200 nostro
801 1153 872 1217 erga
887 1136 1083 1197 sanctitatem
1103 1133 1242 1196 Vestram
1265 1134 1368 1197 auimo

222 1235 324 1297 omnia
345 1254 410 1315 quae
432 1235 529 1297 eidem
550 1242 637 1316 grata
658 1253 694 1296 ac
715 1230 859 1316 prospera
878 1232 1035 1309 eveniunt,
1058 1232 1146 1295 simul
1158 1238 1260 1295 nostre
1272 1249 1368 1314 repu-

222 1340 335 1411 temus,
351 1334 492 1414 peculiari
508 1334 697 1415 percepimus
707 1332 823 1408 latitia,
841 1349 908 1413 quae
919 1330 956 1392 de
969 1329 1153 1392 restituenda
1168 1328 1283 1391 Sancte
1297 1328 1366 1390 Scdi

222 1431 455 1492 aSereuissimis
475 1432 638 1494 Galliarum
659 1439 689 1493 et
708 1431 865 1511 utriusque
884 1428 987 1492 Sicilie
1005 1429 1125 1510 regibus
1141 1428 1268 1509 pristina
1284 1427 1368 1489 Ave-

221 1526 335 1604 nionis,
350 1528 515 1591 Comitatus
531 1528 700 1607 Venusini,
722 1526 884 1589 Beneventi
907 1533 938 1588 et
955 1526 1057 1587 Pontis
1068 1525 1156 1588 Gurvi
1177 1524 1366 1606 possessione

221 1640 275 1704 per
287 1622 372 1685 dotas
390 1625 428 1686 ad
442 1627 502 1687 Nos
521 1625 569 1687 die
586 1624 704 1686 decime
719 1642 800 1686 nona
812 1621 925 1685 mensis
938 1638 1034 1704 nuper
1048 1621 1139 1703 elapsi
1157 1620 1260 1683 literas
1273 1621 1368 1684 Nobis

221 1719 408 1800 significavit.
423 1721 490 1784 Rite
511 1721 556 1784 hae
569 1721 661 1784 Nobis
674 1722 712 1783 ab
726 1720 856 1782 Antonio
869 1719 1002 1800 Eugenio
1020 1715 1171 1781 cardinale
1185 1717 1365 1782 vicecomite

219 1837 313 1900 penes
336 1821 436 1883 aulam
459 1828 593 1883 nostram
613 1821 724 1883 nuncio
746 1818 921 1901 Apostolico
945 1834 1004 1878 nne
1028 1833 1099 1878 cum
1114 1815 1310 1878 Allocutionis
1334 1817 1366 1877 in

220 1921 338 1977 secreto
361 1917 538 1979 consistorio
559 1917 668 1980 habite
689 1915 833 1998 exemplis
854 1910 992 1977 exhibite
1014 1912 1151 1991 luerunt,
1173 1912 1366 1994 faustumque

90 2085 97 2105 x
220 2011 453 2077 huuceventum
468 2013 648 2078 Beatitudiui
664 2015 777 2076 Vestrae
796 2031 833 2075 eo
846 2013 942 2093 magis
955 2013 1154 2092 gratulamur,
1171 2030 1207 2074 ac
1221 2030 1239 2073 a
1256 2012 1365 2092 majori

220 2124 341 2190 semper
361 2125 416 2171 sua
435 2127 505 2172 cum
525 2110 646 2191 regibus
659 2109 815 2172 catholicis
835 2107 1030 2198 consensione
1051 2105 1167 2188 optima
1186 2106 1298 2188 qumvis
1311 2123 1368 2190 pro

198 2252 199 2256 ,
221 2206 313 2268 totius
327 2207 467 2270 Ecclesiae
484 2205 698 2289 tranquillitate
716 2224 752 2269 ac
769 2224 825 2288 pro
839 2205 1050 2270 communibus
1070 2205 1239 2268 commodis
1261 2207 1368 2287 auspi-

82 2330 87 2343 =
199 2296 317 2367 'conda
332 2314 412 2368 aunt.
431 2306 505 2370 Cum
519 2307 580 2369 Nos
593 2306 636 2369 sic
654 2305 685 2368 iu
701 2303 928 2386 comprobanda
944 2295 1026 2367 filiali
1040 2311 1144 2392 nostra
1157 2321 1228 2385 erga
1247 2305 1367 2368 Sancti-

220 2411 314 2466 tatem
332 2405 470 2468 Vestram
492 2407 646 2469 voluntate
669 2424 705 2468 ac
722 2403 832 2468 ellectu
854 2403 928 2466 nihil
947 2401 1198 2480 relicturislmus,
1220 2409 1367 2485 concepta

221 2519 278 2562 sua
294 2501 427 2583 desuper
446 2501 557 2565 fiducia
577 2501 780 2564 desideratum
803 2508 977 2581 assequetur
997 2499 1264 2582 complementum.
1287 2501 1367 2562 Velit

220 2595 345 2675 proinde
357 2597 533 2674 ¹beneficum
554 2615 666 2661 numen
687 2597 868 2661 salutaribus
888 2599 1083 2662 Beatitudinis
1101 2600 1212 2661 Vestra
1232 2595 1368 2661 consiliis

220 2710 339 2774 semper
356 2694 452 2775 magis
464 2693 579 2773 lavere,
594 2696 752 2777 eidemque
767 2713 827 2757 non
848 2695 948 2760 minus
969 2698 1133 2778 longanum
1143 2713 1245 2778 ‘qrrarn
1262 2694 1368 2758 lurtu-

221 2791 411 2859 notissimum
422 2793 561 2856 Ecclesiae
579 2793 711 2873 regimen
720 2800 783 2855 tam
793 2791 920 2874 benigue
929 2795 1074 2877 impertiri
1087 2810 1122 2858 ac
1132 2790 1206 2857 lllud
1220 2792 1367 2857 omuibus

219 2896 396 2973 exoptamus
408 2890 497 2952 votis.
513 2891 624 2953 Datum
648 2890 780 2964 Vicum,
799 2892 848 2952 ul'e
869 2901 906 2953 22
919 2889 1060 2968 sebroon'
1076 2901 1164 2971 ml,
1177 2896 1233 2956 etc.

319 2996 491 3059 Sanctitalis
501 2997 612 3060 Vestra
624 2994 791 3078 obsequens
806 2996 885 3058 illius

1022 3095 1185 3156 tosardus.

709 3189 889 3204 ..ιο-*ιιι*-

709 3309 873 3379 ccxcix.

417 3447 589 3522 oaeneon
611 3462 662 3523 un
685 3464 725 3523 u.
749 3464 797 3524 nn
818 3462 896 3525 ouo
916 3463 1167 3527 u‘nrounuou

550 3591 567 3634 Α
585 3589 618 3636 u.
637 3588 677 3636 tn
694 3589 848 3638 cenotn'nt
866 3590 907 3638 DE
923 3587 1034 3638 nnnms

942 3711 1080 3772 Versailles,
1095 3712 1118 3760 le
1130 3719 1145 3762 5
1158 3721 1221 3759 murs
1234 3712 1302 3760 1776,

259 3820 351 3879 Votre
364 3809 524 3884 llminence
538 3824 595 3885 seit
613 3843 671 3905 que
691 3825 734 3887 les
750 3825 853 3888 traite's
870 3825 907 3888 de
925 3825 1109 3906 Westphalie
1130 3832 1183 3887 ont
1209 3820 1367 3888 maintouu

219 3917 261 3979 les
279 3916 453 3979 Lutheriens
466 3916 573 3980 etablls
587 3935 624 3980 en
646 3919 752 3982 Alsace
772 3920 848 3984 dans
868 3921 897 3983 la
912 3921 986 3983 libre
1007 3921 1141 3983 exercice
1155 3920 1194 3982 de
1209 3920 1277 3982 leur
1294 3922 1368 3983 reli-

218 4015 299 4094 gion.
324 4015 381 4075 Par
399 4018 477 4074 oette
496 4014 688 4094 stipulation,
708 4034 768 4096 que
787 4019 830 4078 les
845 4017 1064 4079 circonstauces
1083 4016 1239 4079 reudaient
1259 4018 1365 4080 ueces-

219 4112 311 4185 saire‚
331 4112 359 4173 le
380 4110 429 4172 leu
450 4111 495 4172 roi
511 4109 601 4172 Louls
622 4111 689 4172 XlV
704 4129 722 4172 a
740 4112 787 4173 ete
803 4113 901 4194 oblige
919 4112 1097 4176 d’edmettre
1113 4112 1189 4175 dans
1206 4114 1236 4175 la
1252 4113 1366 4177 socie'te

219 4206 304 4270 civile
325 4226 383 4270 une
397 4205 590 4270 commission
606 4226 666 4287 que
686 4208 728 4270 les
742 4209 798 4272 lois
816 4211 857 4274 du
876 4228 1020 4293 royaume
1038 4228 1076 4273 eu
1096 4210 1274 4274 exclueieut.
1290 4214 1368 4276 Mais

219 4321 255 4365 ce
275 4306 393 4384 priuce,
412 4310 631 4369 constumment
645 4306 743 4370 anime
762 4309 806 4371 du
820 4311 882 4373 cele
896 4312 924 4374 le
943 4313 1011 4392 plus
1033 4327 1091 4391 pur
1105 4329 1182 4391 pour
1193 4310 1223 4371 la
1239 4311 1366 4392 religion

220 4401 406 4481 camelique,
429 4424 446 4465 a
465 4404 608 4482 cherche,
623 4423 678 4485 par
695 4405 866 4470 dille'reutes
882 4407 984 4485 voles,
999 4408 1017 4468 a
1030 4425 1168 4470 ramener
1185 4407 1272 4470 eson
1286 4410 1367 4470 culte

219 4517 295 4559 ceux
309 4497 347 4560 dc
363 4518 409 4560 ses
429 4502 521 4578 sulets
539 4502 676 4566 d’Alsoce
688 4504 740 4584 qui
756 4523 793 4567 en
807 4504 918 4568 etaient
933 4505 1072 4585 separes,
1085 4511 1115 4565 et
1132 4503 1207 4566 c’est
1219 4503 1298 4566 daus
1317 4513 1364 4567 cet
