3194 5354
396 517 577 572 EPlSTOLAE
593 517 641 573 ET
659 517 794 572 Bnuvla
812 516 1045 573 suaucmoua.
1242 525 1292 576 131

150 627 315 702 essentque
326 620 425 682 efferri
436 620 607 683 videamini.
620 622 721 701 Neque
732 620 814 683 enim
823 621 891 683 ullis
901 624 963 684 Nos
974 622 1061 685 samaa
1072 641 1107 684 ac
1119 624 1219 703 gloria
1229 644 1293 689 mo-

149 719 298 780 numentis
309 718 457 800 capimur,
469 719 526 781 nisi
542 719 652 800 quibus
663 718 820 782 infirmitas
834 725 938 798 nostra
948 720 1292 803 adlleipromovendam

149 815 292 894 gloriam,
304 816 501 897 Ecclesiaque
518 816 652 878 curanda
669 816 831 879 commoda
843 819 990 898 prolicere
1008 817 1112 899 possit.
1136 821 1169 880 ln
1186 820 1292 886 animis

149 912 239 992 igitur
258 913 381 992 restris,
395 933 457 977 nou
473 914 503 975 in
518 932 669 977 marmore
689 915 852 996 insculptos
865 935 928 979 essa
948 917 1010 980 Nos
1024 916 1168 996 delectat,
1182 937 1292 983 acren-

148 1010 238 1092 dique
249 1030 302 1073 vos
314 1011 353 1072 ad
363 1010 530 1074 tundendas
548 1031 605 1093 pro
618 1011 710 1074 Nobis
723 1031 840 1093 preces,
850 1032 913 1075 non
927 1013 966 1075 ad
983 1020 1102 1076 nostras
1113 1016 1291 1079 excolendas

148 1109 251 1170 landes
260 1108 440 1189 perlibenter
453 1108 602 1171 audimus.
613 1111 712 1189 Atque
723 1108 755 1170 id
768 1126 839 1171 cum
853 1128 973 1172 summa
982 1129 1000 1171 a
1010 1110 1095 1172 vobis
1108 1111 1230 1191 publice
1240 1132 1292 1193 pe-

147 1212 264 1267 ractum
277 1223 342 1267 esse
361 1225 435 1267 cura
450 1223 485 1267 ac
499 1205 666 1283 devotione,
679 1206 817 1268 scribatis
836 1225 873 1269 ex
890 1207 950 1268 boc
962 1206 1110 1289 precipue
1129 1206 1291 1287 singularia

147 1320 218 1382 erga
233 1305 294 1365 Nos
311 1303 410 1364 studia
423 1321 487 1365 esse
502 1310 601 1365 vestra
619 1303 831 1385 perspicimus,
852 1323 888 1367 ac
901 1304 1073 1385 potissimas
1091 1303 1219 1366 invicem
1238 1325 1291 1368 vos

148 1401 267 1463 amandi
280 1410 470 1484 patemaeque
491 1404 522 1464 in
539 1422 593 1465 vos
610 1410 720 1466 nostrae
736 1403 898 1465 voluntatis
912 1403 1144 1483 propensionem
1163 1403 1291 1482 augendi

147 1498 277 1561 rationes
296 1499 445 1562 ducimus.
464 1500 516 1561 llla
535 1518 606 1562 varo
626 1506 743 1577 cetera,
762 1518 828 1581 quar
849 1506 912 1561 tam
930 1498 1023 1561 effuse
1036 1499 1171 1561 conferre
1188 1499 1218 1560 in
1230 1500 1291 1561 Nos

146 1595 295 1674 voluistis,
307 1603 391 1677 grate
413 1597 536 1659 aNobis
555 1603 712 1678 acceptum
725 1596 760 1657 iri
774 1597 955 1675 existimate,
966 1595 990 1658 si
1005 1615 1095 1659 sensu
1106 1596 1183 1678 ipso,
1200 1603 1291 1678 atque

146 1694 241 1756 oculis
258 1714 312 1757 vos
327 1695 423 1775 magis
440 1695 540 1757 adbuc
559 1695 597 1757 ed
613 1695 746 1757 divinam
766 1695 858 1758 Nobis
873 1713 963 1776 opem
983 1694 1087 1757 vestris
1102 1695 1291 1757 obsecratio-

145 1791 233 1854 nibus
252 1792 472 1875 impetrandam
493 1792 623 1854 excitare
642 1793 852 1873 poteruntne
874 1791 905 1853 in
923 1798 1056 1874 patema
1076 1792 1290 1854 benevolentia

145 1890 253 1970 pignus
273 1891 469 1973 apostolicam
491 1891 730 1954 benedictionem
751 1889 850 1967 vobis,
878 1889 979 1952 dilecti
1004 1889 1075 1967 lilii,
1098 1897 1289 1970 peramanter

144 1988 343 2069 impertimur.
357 1991 471 2050 Datum
491 1992 601 2061 Rana,
621 1997 691 2066 etc,
713 1991 762 2050 die
784 1999 820 2049 28
839 1989 980 2065 januarii
997 1999 1083 2063 1771,
1093 1991 1290 2066 pontificatus

145 2091 239 2147 nostri
248 2106 327 2148 anno
339 2087 477 2148 seouado.

644 2311 788 2381 cxxvi.

343 2472 481 2514 blancum
503 2472 536 2512 ΙΝ
559 2470 692 2512 cnulsro
712 2469 803 2511 ulula
826 2467 934 2510 noum
956 2467 1085 2509 nubtum

420 2577 538 2636 ANNAE
559 2576 758 2637 COLUMNAE
778 2574 1008 2644 BARBERINI,

404 2699 545 2749 nucrssa
561 2700 714 2760 suonam,
731 2700 884 2748 ossanna
900 2699 1025 2757 vinna,

448 2805 682 2882 CLEMENS
710 2807 837 2882 PAPA
867 2803 973 2879 XIV.

892 2953 991 3007 Romae,
1004 2953 1019 2996 9
1032 2949 1143 2997 februarii
1159 2950 1226 2998 1771.

186 3058 321 3126 Dilecto,
336 3060 449 3118 atella
464 3058 602 3137 precibus
621 3057 679 3117 tnis
698 3073 773 3135 quas
788 3055 880 3116 Nobis
897 3073 952 3135 per
964 3055 1129 3134 supplicem
1144 3056 1288 3119 Libellum

145 3151 301 3215 admovisti
310 3153 467 3232 perspicue
477 3153 670 3232 agnovimus,
684 3170 719 3214 ao
729 3153 877 3230 majorem
890 3151 920 3212 iu
932 3151 1057 3213 modum
1066 3152 1154 3214 letati
1168 3172 1288 3229 sumus,

142 3248 269 3327 gratiam
283 3248 351 3325 Dei,
367 3267 527 3330 perquam
543 3249 660 3328 jamdiu
679 3248 771 3311 vitam
788 3256 872 3314 tuam
894 3248 932 3310 ab
943 3247 1001 3309 hoc
1014 3250 1115 3311 seculo
1133 3269 1288 3330 segregare

143 3345 276 3423 voluisti,
292 3347 421 3424 majores
434 3347 464 3408 in
480 3355 525 3426 te,
542 3366 578 3410 ac
597 3348 749 3409 uberiores
764 3346 881 3409 assidue
897 3347 1067 3409 Sanotitatis
1082 3346 1197 3411 fructus
1211 3350 1289 3412 edu-

143 3463 221 3505 cere.
237 3446 306 3505 lam
323 3444 392 3507 inde
411 3465 481 3508 cum
492 3445 522 3507 in
541 3445 690 3525 conjugali
704 3446 829 3524 degeres
840 3450 939 3524 statu,
952 3445 1126 3527 praclarum
1138 3446 1169 3507 in
1185 3454 1214 3508 te
1228 3467 1288 3510 oa-

143 3541 213 3602 teris
220 3539 381 3621 effulgebat
387 3541 771 3608 Christianarumvirtutum
777 3543 960 3625 exemplum,
969 3541 1074 3604 Divino
1081 3542 1289 3605 eniminducta

144 3637 254 3716 Spiritu
263 3638 327 3716 jam
340 3643 405 3699 lum
416 3638 521 3700 mundi
534 3638 624 3717 hujus
637 3639 768 3701 vanitate
782 3649 941 3720 percepta,
961 3637 1200 3718 contemptisque
1221 3638 1288 3700 ille-

145 3731 256 3809 cebris,
272 3752 307 3795 ao
320 3734 441 3815 pompis
457 3735 612 3812 omnibus,
625 3738 686 3797 Deo
698 3736 754 3817 ipsi
767 3735 853 3797 unice
872 3734 1008 3797 animum
1021 3740 1109 3795 tuum
1122 3732 1287 3820 divinisque

145 3826 234 3889 rebus
245 3829 408 3893 addixeras.
425 3831 500 3892 Cum
510 3829 669 3894 defunctus
678 3851 769 3913 porro
783 3831 886 3894 fuisset
899 3831 944 3892 vir
959 3836 1029 3893 tuus
1039 3876 1047 3908 ,
1059 3830 1288 3915 liberioremque

141 3929 206 4005 jam
218 3928 309 3991 vitam
319 3930 357 3992 ad
367 3939 512 4012 suscepta
524 3931 632 3993 rationi
646 3918 815 3993 vacandum
828 3931 860 3992 in
869 3928 1012 3992 viduitate
1024 3936 1113 3993 nacta
1123 3948 1215 4007 esses,
1227 3931 1288 3991 elu-

144 4026 232 4087 cebat
246 4027 340 4107 magis
350 4029 384 4097 in
396 4029 475 4105 dios,
494 4049 530 4091 ac
543 4030 724 4093 efferebatur
737 4030 853 4092 divinus
870 4030 918 4092 ille
926 4075 934 4107 ,
949 4049 1010 4111 quo
1026 4029 1174 4110 flagrabas
1187 4029 1286 4107 ardor,

144 4121 218 4184 dum
228 4124 367 4186 omnibus
376 4125 505 4204 pietatis,
519 4127 705 4205 humilitatis,
719 4126 850 4190 caritatis
868 4125 973 4188 officiis
987 4124 1208 4188 accuratissime
1218 4122 1288 4184 lun-

145 4220 263 4296 gereris.
282 4223 341 4283 Sua
352 4240 432 4285 nuno
448 4243 518 4286 vero
531 4225 602 4286 inte
620 4224 701 4287 dona
714 4228 809 4288 mullo
822 4226 1016 4306 amplioribus
1029 4222 1179 4284 beneficiis
1189 4222 1288 4287 divina

147 4314 279 4393 bonitas,
298 4318 690 4383 aonusaricordiaoumulat
700 4368 708 4399 ,
719 4320 1288 4404 eamquepraemonstral,quamaxima

146 4413 297 4491 proficias,
313 4434 348 4476 ac
362 4416 391 4478 in
405 4417 563 4480 virtutibus
581 4420 789 4499 progrediaris,
807 4422 896 4481 viam.
913 4416 1139 4480 sanctissimum
1152 4418 1233 4479 enim
1245 4417 1289 4479 in-

143 4510 216 4595 jecit
228 4510 281 4574 tibi
295 4511 490 4591 desiderium,
504 4525 537 4578 ut
550 4518 580 4578 in
595 4517 712 4580 assidua
722 4521 792 4579 losn
805 4517 910 4578 Christi
923 4514 1060 4578 Crucifixi
1075 4515 1242 4595 Passionis,
1258 4523 1289 4576 ct
