3194 5354
221 494 256 543 50
652 480 855 537 clementis
873 481 938 536 xlv

219 591 421 655 ncdictionem
436 588 539 664 uobis,
554 587 653 649 dilecti
671 587 741 662 lilii,
764 591 928 667 vestroque
947 585 1086 648 societati
1104 594 1301 667 peramanter
1315 588 1380 651 im-

218 687 375 770 pertimur.
400 687 511 747 Datum
532 685 650 755 ltomoe,
671 690 742 758 etc,
764 683 814 743 dte
835 692 872 742 2³
892 682 1057 743 decembris
1072 693 1163 756 ttos,
1178 688 1380 764 pontificatus

217 789 314 847 nostra·
324 801 406 845 cane
413 786 524 863 primo.

707 889 886 903 a*

719 990 865 1062 xtvllt.

473 1151 647 1198 ῦΔΙΙῦΙΙΙΟ
671 1152 706 1195 nt
729 1150 864 1196 culoso
887 1152 977 1197 mlo
996 1152 1117 1198 Romo

332 1267 529 1333 uuuouco
549 1264 792 1327 msucosuu
811 1265 904 1328 num
925 1266 1264 1330 cuumuurssmo
1292 1239 1295 1243 ’

530 1387 765 1468 CLEMFNS
791 1390 922 1468 PAPA
949 1389 1057 1467 XIV.
1126 1374 1129 1380 ’

973 1548 1067 1606 nuc,
1079 1545 1207 1608 thauri
1222 1551 1293 1599 tlte.

259 1656 441 1725 emunim,
464 1660 524 1715 etr.
547 1650 633 1728 Quod
657 1651 928 1733 prodecessoribus
947 1650 1085 1714 nostris
1077 1668 1109 1713 rn
1130 1662 1216 1715 more
1236 1653 1374 1734 positum

219 1753 297 1831 luit,
320 1758 355 1816 ut
379 1751 425 1815 sui
442 1750 637 1834 pontificatus
660 1749 746 1813 initio
772 1749 811 1812 ad
829 1750 883 1812 Dei
907 1748 1124 1831 omnipotentis
1146 1748 1373 1861 implorandum

222 1849 367 1912 rusilium
391 1865 449 1930 pro
470 1848 592 1910 salutari
621 1847 766 1910 universe
789 1847 846 1908 sibi
871 1845 1041 1909 commissae
1057 1846 1197 1910 Ecclesia
1222 1847 1373 1926 regimine

220 1964 344 2009 munem
367 1945 552 2010 catholicum
573 1945 720 2026 populum
739 1944 850 2027 apertis
865 1944 972 2007 divine
992 1944 1204 2008 misericordie
1221 1944 1375 2009 thesauris

220 2044 403 2117 excitarent,
417 2043 450 2105 id
470 2043 563 2105 Nobis
575 2042 794 2105 studiosissime
810 2041 984 2104 laciendum
995 2060 1061 2105 esse
1076 2049 1186 2105 nostre
1203 2043 1372 2123 presertim

220 2142 360 2205 maxims
371 2141 554 2205 inlirmitatis
567 2141 680 2205 conscii
695 2141 914 2204 existimamus.
939 2139 1099 2203 lubilaeum
1112 2139 1203 2220 igitur
1222 2156 1280 2220 pro
1300 2139 1374 2201 uni-

219 2239 313 2302 versis
324 2239 569 2302 christifidelibus
589 2239 756 2302 indicentes
776 2239 941 2320 Episcopus
964 2255 1070 2301 omnes
1087 2236 1279 2300 vehementer
1295 2236 1373 2299 hor-

220 2344 332 2413 tamur,
345 2343 380 2398 ut
388 2352 449 2399 sun
460 2335 530 2398 lldei
539 2335 689 2399 creditum
702 2352 823 2417 gregem
845 2334 883 2398 ad
902 2353 954 2398 eas
964 2333 1021 2397 rite
1037 2332 1189 2398 iaciendas
1201 2350 1309 2415 preces
1322 2331 1367 2394 di·

220 2434 337 2513 rigant,
363 2452 400 2496 ac
423 2434 462 2495 ad
481 2433 632 2496 emendas
656 2439 720 2495 tam
740 2434 845 2496 salutis
867 2452 928 2496 sue
947 2451 1041 2515 quam
1056 2432 1184 2514 publice
1202 2429 1373 2493 christiane

221 2529 359 2594 utilitatis
379 2531 513 2593 rationes
530 2529 729 2592 inllsmment.
747 2532 815 2605 Quo
835 2530 1087 2593 consentientium
1106 2528 1240 2610 undique
1262 2546 1372 2609 preca-

220 2629 340 2692 tionum
351 2626 486 2690 subsidio
496 2626 570 2688 dum
580 2627 667 2689 vslde
679 2628 870 2708 confidimus,
880 2629 1069 2708 majestatem
1077 2626 1349 2706 'l'usmmajorem
1341 2645 1371 2688 m

220 2726 348 2816 modurn
361 2724 581 2787 obsecrandam
597 2741 767 2803 censemus,
784 2731 819 2787 ut
830 2744 885 2787 sua
895 2723 1056 2787 nobiscum
1068 2722 1169 2786 studia
1188 2723 1373 2803 conjungens

221 2823 294 2905 regii
286 2821 417 2885 laveris
425 2838 515 2903 opem
525 2819 667 2883 omuibus
680 2839 726 2883 sur
717 2821 913 2903 amplissimi
922 2808 1004 2903 regns
997 2820 1191 2904 presulibus
1205 2819 1370 2902 impertiat,

218 2936 336 3002 suoque
346 2912 485 3001 presidio
494 2922 559 2980 tarn
571 2916 778 2980 necessarium
780 2916 905 2996 ,Nobis,
919 2935 955 2980 ac
964 2917 1127 2980 universim
1141 2914 1372 2979 saluberrimum

218 3016 354 3082 iuturum
367 3032 445 3099 opus
459 3015 592 3095 adjuvet,
607 3020 755 3079 sustentet
769 3015 970 3097 ecprcvehat.
988 3015 1075 3090 Quod
1086 3014 1162 3076 dum
1174 3032 1191 3076 a
1204 3010 1372 3075 telldenter

217 3115 367 3195 petimus,
382 3131 445 3176 una
459 3113 553 3176 etism
565 3113 769 3195 significamus
780 3112 811 3176 in
829 3111 1002 3195 apostolicis
1013 3111 1124 3192 jubilei
1138 3109 1245 3173 litteris
1256 3107 1372 3171 nullam

217 3210 467 3272 nesurentionem
478 3210 651 3272 habendam
659 3209 780 3272 dunsse
789 3227 908 3285 cerrum,
919 3208 971 3289 qui
982 3203 1373 3287 isthicconstitutioni,qun

219 3307 325 3390 incipit
335 3308 513 3389 llatpenttes
521 3307 945 3389 refraganturdlequibusilla
953 3307 1110 3371 retinenda
1119 3312 1164 3370 est
1172 3304 1263 3383 ratio,
1275 3320 1371 3387 quam

219 3406 271 3468 Se.
290 3406 381 3468 llam.
404 3403 584 3467 Benedictus
605 3408 673 3468 xlv
695 3405 896 3488 predecessor
917 3412 1020 3469 noster
1044 3406 1074 3468 in
1098 3402 1295 3467 celeberrima
1321 3400 1374 3464 illa

219 3502 372 3586 encyclios
385 3501 512 3584 epistola
529 3501 579 3564 die
597 3513 632 3566 16
646 3504 778 3566 octobris
793 3503 862 3566 anni
879 3515 973 3581 troo,
997 3503 1036 3565 ad
1048 3502 1149 3565 cattia
1162 3501 1322 3583 episcopos
1339 3498 1372 3560 in

219 3600 350 3664 comitiis
362 3598 433 3663 cleri
454 3606 653 3681 congregatos
673 3600 745 3662 data
762 3600 926 3663 tenendam
943 3617 1008 3662 esse
1021 3597 1239 3680 sapientissime
1256 3592 1375 3657 censuit

220 3718 255 3763 ac
266 3699 442 3763 declaravit.
455 3703 559 3782 Neque
569 3699 649 3762 enim
661 3699 915 3780 indulgentiarum
924 3697 1085 3780 participes
1095 3713 1160 3759 esse
1169 3699 1307 3776 possunt,
1321 3689 1374 3773 qui

219 3799 250 3860 in
266 3798 414 3876 eiusmodi
429 3798 591 3862 obfirmato
606 3796 709 3860 animo
726 3802 930 3878 perseverant.
943 3797 1003 3857 Eos
1015 3792 1138 3876 quidem
1154 3794 1216 3853 Nos
1229 3795 1376 3872 putamus

219 3892 379 3977 pauciores
393 3893 424 3955 in
433 3893 497 3956 dies
508 3894 646 3971 existere,
664 3893 703 3956 de
716 3892 823 3955 iisdem
832 3898 936 3954 tamen
949 3890 1024 3953 illud
1035 3891 1147 3971 ipsum,
1162 3886 1246 3969 quod
1256 3884 1377 3969 prude-

219 4007 355 4056 eessones
379 3991 475 4053 nostri
500 3992 538 4053 ed
559 3999 588 4054 te
610 3991 749 4055 antesin
772 3988 1020 4053 commendandis
1037 3985 1150 4066 jubilei
1170 3983 1277 4047 litteris
1300 3998 1377 4061 per-

222 4092 418 4173 scripserunt,
431 4090 493 4151 Ncs
507 4088 600 4151 etiam
614 4091 848 4166 confirmamus,
865 4094 974 4169 teque,
989 4085 1144 4148 canssime
1157 4083 1189 4145 in
1198 4079 1319 4143 musto
1330 4078 1376 4140 lilr

221 4194 334 4268 noster,
351 4207 410 4273 pro
420 4193 474 4252 tuo
483 4204 554 4269 erga
568 4189 738 4270 apostolice
749 4187 829 4251 sedis
838 4186 958 4250 decreta
972 4184 1072 4248 studio
1084 4183 1171 4246 enixe
1177 4194 1332 4262 rogamus,
1341 4182 1378 4238 ut

222 4284 309 4364 regie
324 4287 480 4367 potestatis
494 4287 673 4349 auctoritate
696 4289 865 4350 animarum
879 4292 1018 4366 pastores
1039 4282 1144 4345 fulcire
1159 4297 1222 4343 non
1236 4275 1376 4353 desinas,

222 4386 257 4443 ut
268 4398 373 4445 omnes
384 4386 507 4449 tendern
522 4385 552 4447 in
573 4386 714 4449 eumdem
727 4404 850 4448 sensum
864 4383 1054 4465 eandemque
1069 4377 1250 4444 sententiam
1274 4372 1376 4437 uddu-

222 4486 340 4542 cantur.
357 4481 478 4545 interim
491 4483 574 4565 quod
587 4502 605 4546 a
620 4490 651 4546 te
668 4502 749 4546 nune
768 4482 805 4544 ad
826 4479 1016 4562 publicarum
1032 4496 1159 4561 precum
1169 4469 1379 4557 promovende
