3194 5354
240 483 275 532 rc
670 473 874 530 CLEMEN'l'lS
894 475 959 528 XIV

236 598 318 643 rruuc
342 578 394 641 tibi
414 578 572 655 iaciamus,
593 577 678 639 enixe
699 578 830 657 petimus
851 597 869 638 a
892 580 953 639 beo
975 580 1044 659 Opt.
1058 580 1138 641 liar.
1161 596 1198 639 ac
1220 598 1397 662 precamur,

134 668 151 697 '
236 684 271 739 ut
281 694 368 739 suam
381 675 444 755 ipse
456 673 583 736 coelestis
591 672 809 735 benedictionis
820 673 948 753 gratiam
964 673 1064 754 largiri
1077 691 1200 753 semper
1210 676 1284 737 velit
1298 677 1396 758 Regia

235 770 383 850 Maiestati
404 777 473 841 tura,
494 769 640 849 regiisque
654 770 713 831 tuis
726 769 843 848 liberis,
863 777 980 850 tuaque
993 767 1156 831 carissime
1173 770 1282 848 Nobis,
1296 790 1335 835 ac
1351 794 1396 837 re-

236 867 430 948 ligiosissimae
449 867 570 942 domui,
589 885 740 947 regnoque
759 867 914 945 universo,
934 875 965 930 et
983 868 1214 933 devinctissimis
1225 871 1282 934 tibi
1296 875 1396 957 Popu-

235 965 292 1042 lis3
308 964 503 1045 ejusdemque
517 963 669 1044 auspicem
684 964 880 1044 apostolicam
894 965 1137 1030 Benedictiouem
1147 968 1210 1031 Nos
1221 967 1275 1031 tibi
1288 969 1396 1035 intimo

237 1061 332 1123 nostri
346 1060 446 1122 cordis
458 1078 545 1123 sensu
553 1106 562 1137 ,
577 1059 729 1122 carissime
742 1060 774 1122 in
788 1060 905 1124 Christo
915 1061 958 1123 lili
974 1070 1088 1143 noster,
1100 1064 1222 1147 tuisque
1235 1066 1392 1145 omnibus,

236 1155 441 1220 amantissime
457 1157 656 1239 impertimur.
684 1159 792 1219 Datum
811 1159 929 1231 Romo,
948 1167 1018 1234 etc„
1041 1165 1186 1241 suptilis
1204 1175 1293 1241 rito,
1313 1184 1396 1246 pon-

237 1255 367 1332 tfiectrta
378 1259 475 1316 nostri
488 1273 568 1315 anno
579 1258 689 1333 ptimo.

719 1378 904 1391 *-

756 1490 873 1561 LXIX.

494 1647 663 1689 caarssruo
686 1647 720 1688 m
744 1646 879 1689 cuarsro
903 1646 990 1689 rraro
1013 1646 1131 1689 uosrno

418 1752 569 1813 canoto
590 1753 858 1814 HISPANIARUM
879 1753 973 1813 REGI
994 1752 1214 1814 carnotino

543 1874 778 1954 CLEMENS
808 1878 936 1953 PAPA
968 1874 1073 1952 XlV.

1026 2029 1123 2087 Rornae,
1138 2034 1152 2076 s
1164 2027 1247 2089 aprilis
1259 2032 1330 2080 t770.

277 2133 450 2207 Caelestum,
471 2140 527 2191 ete.
546 2132 638 2211 Regia
658 2134 758 2214 plane,
773 2139 861 2213 teque
880 2131 988 2211 digna,
1011 2139 1128 2212 tuaque
1147 2131 1265 2195 eximie
1287 2134 1394 2215 pietati

234 2246 290 2309 par
310 2227 471 2289 liberalitas
490 2235 536 2288 est
558 2228 618 2306 illa,
633 2249 694 2309 qua
718 2230 833 2292 dilectis
853 2229 920 2290 tiliis
940 2228 1085 2308 religiosis
1108 2227 1178 2289 viris
1201 2230 1394 2312 seraphicum

237 2326 303 2387 rita
316 2325 451 2405 regulam
465 2326 675 2405 profitentibus
685 2374 693 2406 ,
703 2329 755 2410 qui
770 2336 982 2411 nuncupantur
995 2328 1177 2407 Excalceati‚
1191 2327 1322 2395 domum
1337 2353 1390 2396 cc-

236 2427 416 2506 elesiamque
427 2425 458 2486 in
469 2426 634 2489 Aranvezio
643 2428 800 2508 magnifice
810 2427 962 2503 edificari,
973 2426 1116 2507 omnique
1125 2429 1293 2509 prasertim
1306 2450 1393 2493 sacra

234 2522 417 2602 supellectile
431 2523 569 2584 exornari
586 2530 638 2585 tuo
648 2543 705 2586 are
716 2571 724 2602 ,
735 2524 890 2587 carissime
903 2525 933 2587 in
947 2525 1064 2588 Christo
1077 2526 1120 2587 iili
1139 2533 1254 2605 noster,
1270 2528 1389 2593 voluisti

236 2623 373 2684 dotatam
397 2628 540 2701 practerea
565 2629 725 2702 utramque
746 2622 788 2684 ita
803 2621 967 2685 constituto
986 2630 1047 2685 ate
1070 2641 1164 2685 censu
1182 2642 1251 2686 esse
1273 2626 1335 2704 vis,
1359 2636 1392 2689 ut

236 2717 373 2799 perpetui
384 2724 546 2798 suppetere
556 2718 670 2780 reditus
682 2719 796 2800 possint
809 2726 872 2781 tam
882 2718 921 2781 ad
931 2719 1053 2781 alendos
1064 2726 1216 2801 quotquot
1226 2721 1391 2787 habitaturi

235 2819 347 2881 ibidem
363 2824 463 2894 erunt,
478 2818 631 2899 religiosos
645 2818 736 2896 virus,
749 2835 843 2899 quam
857 2817 1017 2880 addamus
1034 2819 1085 2880 Dei
1100 2817 1243 2881 decorem
1257 2821 1392 2885 retinen

235 2918 321 2994 dum,
335 2915 539 2995 tuendamque
552 2914 648 2976 Divini
663 2915 762 2977 cultus
773 2915 822 2996 pia
836 2933 872 2975 ac
887 2913 1041 2994 splendide
1055 2913 1216 2995 peragendi
1228 2915 1388 2979 rationem.

235 3015 348 3074 Varum
363 3030 433 3075 cum
448 3011 543 3091 magis
558 3009 590 3072 id
602 3010 689 3090 regia
700 3010 804 3093 pietati
818 3029 854 3072 ae
865 3008 1092 3090 magnificentia
1103 3019 1177 3088 tua,
1189 3029 1285 3092 quam
1298 3013 1390 3077 sacris

233 3114 394 3197 seraphion
411 3110 598 3196 paupertatis
612 3109 757 3174 institutis
769 3108 939 3171 consentire
948 3107 1096 3184 videatur,
1110 3127 1165 3189 pro
1177 3109 1270 3171 animi
1286 3109 1329 3172 tui
1345 3130 1393 3174 re·

234 3212 344 3290 ligione
365 3213 531 3293 postulasa
547 3209 656 3287 Nobis,
677 3216 711 3269 ut
732 3207 931 3269 arctissimum
947 3205 1019 3267 illud
1038 3205 1188 3285 ejusmodi
1209 3206 1307 3288 legum
1320 3206 1392 3269 vin-

235 3309 339 3369 culum
361 3308 525 3388 apostolica
553 3306 731 3368 auctoritate
764 3305 942 3367 relaxemus.
971 3303 1048 3378 Quid
1069 3304 1233 3383 jucundius
1255 3323 1392 3386 utiquam

233 3405 326 3468 Nobis
341 3424 407 3468 esse
425 3411 542 3486 potest,
557 3422 648 3484 quam
670 3405 700 3464 iu
716 3421 753 3465 ao
767 3403 864 3482 Regia
887 3403 1036 3482 hlajestati
1056 3411 1115 3466 tua
1135 3421 1254 3467 morem
1268 3423 1389 3486 gerere,

235 3503 266 3565 in
300 3522 363 3584 quo
391 3499 565 3581 hujusmodi
593 3501 717 3580 egregia
747 3499 948 3578 liberalitatis,
982 3518 1017 3562 ac
1048 3498 1079 3561 in
1110 3502 1144 3561 Β.
1174 3501 1390 3577 Franciscum‚

233 3622 295 3685 quo
318 3604 379 3665 Nos
407 3601 500 3664 etiam
525 3607 650 3681 parente
673 3597 848 3679 gloriamur,
872 3598 1039 3660 devotionis
1068 3605 1127 3659 tua
1151 3605 1255 3661 extare
1278 3616 1392 3661 mona-

234 3709 337 3762 menta
356 3699 473 3782 possint
493 3697 638 3761 illustria?
659 3696 866 3759 Libentissime
885 3697 985 3777 itaque
1008 3695 1087 3757 viros
1103 3695 1260 3775 religiosus
1279 3696 1392 3759 Excal-

235 3805 355 3876 ceat0s‚
372 3798 424 3877 qui
447 3797 477 3858 in
493 3797 547 3859 illa
566 3795 641 3858 adeo
662 3796 825 3873 instructa,
845 3795 1016 3875 victumque
1041 3793 1272 3877 suppeditatum
1293 3798 1392 3859 bona

236 3894 357 3975 degent,
378 3895 479 3975 illique
495 3902 558 3956 tam
573 3901 686 3957 oruata
707 3893 868 3956 inservient
879 3893 1028 3971 Ecclesia,
1049 3893 1087 3955 ab
1102 3892 1186 3955 omui
1200 3891 1392 3955 conscientia

236 3994 385 4058 anxietate
394 4000 550 4074 exemptos
560 4013 626 4058 esse
639 3995 794 4070 volumus,
806 4012 842 4054 ac
851 3992 1006 4073 pontificia
1015 3992 1235 4073 dispensatione
1245 3992 1393 4057 solvimus

236 4093 276 4153 ab
290 4112 326 4155 ea
340 4091 448 4171 regula
465 4091 634 4169 severitate,
648 4110 710 4171 qua
723 4097 848 4151 cautum
859 4097 915 4167 est,
931 4097 965 4152 ut
980 4090 1063 4152 omni
1077 4096 1214 4171 expertes
1231 4096 1394 4168 tempora-

238 4188 310 4249 lium
322 4190 472 4251 bonorum
483 4189 681 4269 possessione,
694 4205 729 4248 ac
740 4186 870 4248 ostiatim
879 4187 1090 4267 quotidianum
1096 4188 1208 4251 victum
1218 4194 1390 4267 merentes

237 4293 267 4343 et
280 4286 503 4348 emendicantes
517 4284 738 4347 sanctissimam
752 4283 835 4344 illam
851 4285 1037 4365 paupertatis
1047 4284 1253 4347 hereditatem
1268 4302 1288 4345 a
1301 4302 1389 4347 sera-

238 4380 328 4461 phico
349 4382 517 4447 institutore
537 4384 594 4445 sibi
610 4381 746 4445 relictam
760 4381 982 4461 diligentissime
996 4390 1149 4445 tueantur.
1165 4384 1244 4445 Dum
1257 4380 1315 4443 illis
1334 4380 1393 4462 igi-

237 4489 298 4553 tur,
318 4485 351 4540 ut
367 4479 425 4541 hoc
439 4488 496 4544 tura
516 4480 801 4545 munificentissima
817 4479 935 4560 pietatis
954 4480 1054 4543 fructu
1073 4499 1194 4561 semper
1215 4479 1257 4542 uti
1274 4479 1392 4561 possint
1446 4512 1449 4519 ·
