3194 5354
612 499 836 557 nocumenta
857 500 980 556 ventu.
1313 507 1364 556 ³⁴7

223 607 428 688 expositorum
441 621 557 685 nquam
571 605 719 667 rationem
729 605 856 680 babeat,
870 611 901 665 et
911 621 974 684 quo
987 621 1041 683 par
1050 609 1096 665 est
1108 602 1199 664 modo
1211 605 1365 683 provideat

222 723 260 766 ne
270 709 389 765 secutus
395 703 460 781 Jam
466 702 614 765 discessus
624 702 696 765 dicti
706 701 952 766 Reverendissimi
960 701 1063 762 Durini
1072 720 1109 762 en
1119 702 1243 766 Polonia
1253 704 1366 785 absque

221 820 275 879 eo,
288 808 322 864 nt
334 801 485 881 exteurplo
497 819 554 881 pro
566 817 650 864 more
665 802 917 881 predecessorum
931 818 1072 877 suorum,
1086 819 1142 880 pro
1154 801 1299 882 dignitate
1315 823 1365 866 co-

221 913 302 957 rone
308 912 393 972 mec,
405 896 599 977 elpromissis
610 897 702 960 eliam
713 899 745 960 S.
756 899 797 959 Μ.
811 897 980 961 Beatissimi
992 897 1187 960 antecessoris
1194 899 1366 962 Sanctitmb

220 995 332 1056 Vestre
345 1012 400 1074 per
420 1013 567 1074 organum
578 994 743 1058 secretarie
755 997 857 1060 Status
869 994 1051 1076 competenti
1065 996 1255 1076 promotione
1267 997 1366 1060 dona-

222 1098 314 1166 retur,
327 1091 358 1154 in
368 1092 462 1155 ullam
470 1092 668 1172 imposterrun
680 1095 833 1175 sequelam
844 1095 992 1159 bebatur.
1002 1128 1044 1143 -
1055 1095 1141 1169 Quod
1151 1095 1299 1176 reliquum
1307 1101 1364 1172 est,

222 1187 462 1253 benedictionem
470 1190 667 1269 apostolicam
680 1197 712 1252 et
723 1191 900 1254 couu'uuam
913 1191 943 1255 in
954 1210 1005 1255 me
1016 1199 1048 1255 et
1056 1192 1275 1273 rempublicam
1288 1192 1366 1252 banc

221 1285 452 1365 propensionem
467 1293 497 1347 el
507 1287 621 1364 studia,
635 1306 748 1368 pronus
764 1307 783 1350 a
796 1289 959 1351 Sanctitate
972 1290 1079 1351 Vestra
1090 1289 1239 1370 deposco,
1255 1294 1287 1352 et
1300 1289 1367 1369 ple-

220 1381 343 1445 nissima
351 1401 422 1445 cum
433 1384 624 1447 veneratione
633 1385 778 1464 proliteor
790 1404 839 1448 me
852 1405 929 1459 esse,

300 1498 472 1561 sanctitatis
483 1501 595 1561 Veslrae

598 1595 878 1658 Obedientissimum
896 1596 1008 1673 lilium,

739 1720 929 1778 Srrnrsnaus
943 1726 1115 1786 Aneusrus,
1131 1719 1329 1776 trecentenis.

257 1863 400 1921 Dabuntur
413 1862 548 1920 Varsariae
558 1861 604 1918 dle
618 1862 765 1920 tomensis
783 1862 945 1934 septembris
969 1877 1046 1920 enno
1061 1864 1172 1920 Domini
1188 1871 1266 1932 1777,
1290 1864 1365 1935 regni

224 1966 289 2007 vero
301 1949 355 2008 mei
368 1951 409 2006 lX
423 1964 505 2006 auno.

709 2162 870 2233 CCXClV.

329 2335 531 2379 sancnlssnto
552 2335 589 2379 AC
616 2334 795 2379 nns‘tlsslnto
818 2337 851 2378 ln
874 2336 1004 2380 cnnlsno
1027 2339 1119 2380 nsunt
1141 2338 1261 2382 DOHlNO

222 2453 416 2516 cununnn
430 2452 570 2515 u1v1nn
589 2431 856 2514 Pllovtbsstlt'lt
867 2451 981 2513 PAPAE
996 2453 1091 2514 EJUS
1102 2454 1266 2516 Noulltls
1284 2454 1365 2527 xlv,

380 2577 481 2630 sueno
491 2577 620 2628 smera
630 2576 769 2628 somna
781 2578 821 2628 ac
834 2576 1042 2627 umvmsuas
1052 2577 1213 2627 succussu

430 2690 589 2741 ronrmcr
604 2691 732 2742 nermo
747 2692 872 2742 murno
888 2692 1150 2742 mmmnssmo.

929 2802 1066 2892 varrone,
1077 2835 1107 2882 77
1119 2830 1225 2881 octobris
1236 2835 1304 2882 7777.

263 2940 455 2999 Sanctissime
466 2957 503 2999 ue
511 2939 676 3000 beatissime
684 2944 718 2998 ic
729 2938 848 3001 elren
856 2939 964 3013 Pater,
973 2939 1102 2999 Domine
1113 2938 1363 2999 clementissime.

225 3037 295 3096 Post
308 3035 414 3097 oscula
429 3034 541 3114 pedum
558 3034 731 3097 Sanctitatis
751 3036 882 3110 Vestrsr,
895 3033 974 3109 mei,
994 3032 1138 3112 regnique
1157 3051 1196 3094 ac
1211 3032 1367 3095 Durninio-

223 3149 292 3194 rum
303 3148 442 3192 meorum
452 3129 653 3192 humillimam
664 3128 968 3192 commendationem,
978 3129 1044 3202 Quo
1055 3133 1134 3190 statu
1148 3127 1207 3190 sint
1215 3145 1266 3190 res
1276 3129 1366 3190 Polo-

223 3227 314 3305 nice,
328 3227 461 3308 primmn
481 3225 629 3289 intestinis
644 3224 792 3303 dissidiis,
810 3243 866 3306 per
877 3225 992 3305 aliqum
1012 3240 1107 3288 annos
1122 3223 1281 3302 dvexatae,
1301 3231 1366 3287 turn

223 3327 345 3388 demum
359 3325 532 3406 Principum
542 3331 713 3386 exterorum
727 3325 819 3388 armis
829 3343 994 3406 oppressu,
1009 3341 1045 3386 ac
1058 3341 1115 3403 pro
1123 3323 1269 3404 cujusque
1282 3324 1366 3386 libitu

223 3425 339 3503 accise,
356 3430 491 3501 nonest,
512 3423 617 3485 curob
629 3422 899 3486 oculossanctitsti
910 3423 1039 3498 Vestra,
1051 3420 1155 3484 omnia
1166 3421 1307 3501 preclare
1320 3423 1368 3483 vi-

223 3523 322 3601 denti,
338 3522 453 3584 nunciis
465 3522 537 3603 ipsis
548 3538 584 3584 ec
599 3521 681 3583 lema
691 3522 796 3584 orbem
807 3521 1044 3602 complentibus,
1056 3527 1197 3602 ponatiu.
1209 3521 1296 3594 Quod
1309 3541 1367 3583 au·

224 3629 285 3682 tem
296 3621 423 3697 aillicto,
437 3621 617 3695 dilacerato,
631 3619 882 3700 amplissimisque
892 3618 1149 3681 terrisinnninutu
1164 3617 1367 3696 regnoortho

224 3718 318 3794 dcxc,
339 3739 399 3780 non
415 3718 496 3780 aliud
510 3717 650 3779 solatium
666 3724 697 3778 et
717 3716 861 3777 auxilium
877 3717 933 3792 sil,
955 3732 1047 3795 quam
1069 3715 1098 3776 iu
1112 3713 1179 3775 sinu
1199 3713 1367 3776 communis

224 3814 305 3873 orbis
320 3814 472 3875 christiani
493 3813 628 3874 Parentis
644 3813 823 3874 collocatum
830 3859 841 3888 ,
861 3812 893 3873 id
906 3831 962 3891 ego
979 3830 1032 3871 rex
1046 3811 1212 3890 obsequens
1226 3810 1321 3888 filius,
1337 3811 1367 3870 iil

225 3916 361 3986 senatus,
377 3911 526 3990 religionis
540 3908 697 3970 Catholicre
709 3907 847 3970 defensor
859 3915 1015 3985 strenuus,
1031 3908 1060 3968 in
1073 3908 1211 3970 universa
1232 3909 1365 3981 Polonia,

226 4025 299 4067 vern
311 4005 378 4066 lidei
389 4010 663 4088 propugnaculum,
674 4017 704 4070 et
714 4025 901 4069 summorum
912 4006 1088 4088 pontificum
1099 4007 1206 4069 cultrix
1217 4006 1364 4085 religiosa,

225 4113 354 4187 paterna
369 4107 523 4168 Sanctitati
538 4111 649 4170 Vestra
663 4108 851 4189 exponimus.
1161 4163 1162 4168 ,

264 4206 336 4265 Tres
348 4203 449 4263 vieinae
461 4204 552 4280 aulae,
567 4207 755 4278 Viennensis,
769 4206 1002 4285 Petropolitana,
1018 4223 1053 4264 ac
1063 4201 1271 4277 Berolineusis,
1284 4204 1366 4266 nulla

226 4300 284 4358 laesi
299 4299 374 4376 juris
395 4298 440 4358 sui
461 4301 660 4378 expositione,
675 4303 785 4362 nodum
799 4303 859 4362 ulla
872 4301 1069 4361 vindicatione
1083 4301 1258 4360 seculorum
1272 4300 1366 4362 inter·—

227 4395 310 4456 vallis
323 4396 418 4471 lacta,
434 4398 657 4474 opportunitate
668 4400 851 4459 internorum
863 4397 1032 4476 reipublicae
1046 4402 1183 4456 nrotuurn
1198 4415 1258 4457 usn
1266 4444 1274 4473 ,
1290 4399 1366 4458 illius

227 4493 312 4554 malis
324 4512 373 4554 res
393 4512 461 4554 suas
476 4498 594 4572 augeri,
613 4515 703 4574 qnam
718 4496 847 4556 rrraxinre
860 4494 1068 4570 (increverunt,
1089 4493 1229 4556 immissis
1243 4495 1366 4575 proinde
