3194 5354
564 551 789 614 buchnerus
809 555 930 614 VARlA.
1270 564 1322 622 ihi

43 659 50 673 ·
174 654 296 716 elesiam
307 651 1258 742 Deicontlrsioneminducere‚iuConoiliogeneraiiLuterauensi
1271 671 1320 730 lli.

173 753 299 815 tluniter
311 753 481 835 prohibuit,
494 775 532 818 ne
545 758 614 837 quis
627 758 665 820 de
676 766 776 822 cetero
790 779 899 823 novam
910 761 1092 840 Religionem
1107 764 1254 841 inveniat;
1269 767 1323 829 sed

172 849 354 930 quicumque
373 851 411 912 nd
425 852 609 933 Religionem
630 857 766 918 converti
784 857 909 920 voluerit
923 875 1014 920 unam
1028 858 1066 920 de
1083 861 1255 943 approbatis
1271 881 1322 930 as-

172 952 286 1023 sumat;
306 946 524 1030 decrevitque
516 969 649 1034 insuper,
678 953 782 1035 utqui
803 953 930 1016 voluerit
950 954 1121 1036 religiosam
1143 957 1270 1022 domum
1283 960 1323 1022 de

171 1057 250 1104 novo
264 1042 401 1122 fundare,
416 1045 564 1141 regulam,
579 1053 610 1110 et
623 1048 840 1113 institutionem
852 1050 1028 1131 accipiatds
1039 1053 1223 1134 approbatis.
1235 1056 1322 1119 Unde

171 1157 357 1220 consequens
375 1142 446 1203 fuit.
471 1150 504 1205 ut
521 1163 582 1207 uon
594 1146 696 1208 liceret
708 1149 831 1210 omniuo
843 1167 953 1212 novem
967 1149 1174 1232 Religionem'
1166 1154 1321 1219 restituere

167 1236 234 1311 sine
244 1239 365 1320 speciali
381 1209 509 1305 Romani
524 1244 678 1306 Pontitiois
693 1244 833 1322 licentia,
847 1252 877 1307 et
891 1246 998 1309 merito
1013 1248 1150 1328 quidem,
1165 1268 1236 1312 nam
1249 1271 1321 1315 cum

170 1347 252 1398 nove
262 1338 512 1419 congregationes
521 1343 644 1421 msJoris
653 1291 844 1424 perfectionis
856 1343 953 1422 gratia
966 1344 1172 1425 instituamur,
1187 1348 1320 1429 priusab

170 1432 227 1494 hac
248 1442 353 1497 sancta
374 1437 548 1516 Apostolica
568 1439 645 1501 Sede
669 1439 734 1524 ipsa
757 1439 824 1501 vitas
843 1440 949 1502 futuru
967 1440 1064 1503 forma
1082 1444 1266 1526 examinari,
1289 1454 1320 1513 et

169 1532 311 1614 perpendi
333 1533 423 1597 debet
444 1535 611 1616 diligenter,
626 1555 665 1598 ne
679 1533 736 1600 sub
755 1536 854 1619 specie
867 1536 989 1615 majoris
1006 1537 1097 1615 boui,
1114 1547 1145 1600 et
1161 1543 1319 1607 sanctioris

168 1629 234 1693 vitre
245 1631 374 1717 plurima
388 1631 418 1695 in
430 1633 562 1696 Ecclesia
574 1633 626 1696 Dei
643 1633 846 1712 incommoda,
862 1640 893 1698 et
903 1633 1030 1698 tortasse
1040 1634 1133 1700 etiarn
1145 1639 1227 1702 mala
1242 1658 1320 1704 exo-

167 1729 293 1790 riantur.

207 1833 236 1882 5.
246 1821 386 1896 Quamvis
394 1839 465 1881 vero
476 1819 735 1901 providentissime
744 1819 807 1881 hec
817 1816 928 1878 fuerint
939 1817 979 1877 ab
989 1818 1164 1878 innocentio
1174 1818 1224 1878 lli.
1239 1819 1317 1878 Pru·

166 1916 282 1978 decess.
293 1923 397 1978 nostro
410 1917 589 1994 constituta,
602 1922 703 1978 tamen
714 1913 978 1997 postmodumuon
987 1912 1085 1973 solum
1095 1911 1134 1972 ab
1142 1913 1316 1994 Apostolicn

167 2011 243 2074 Sede
257 2012 430 2093 importuna
452 2011 619 2092 petentium
637 2003 761 2073 inhiatis
776 2008 945 2090 aliquorum
963 2001 1109 2071 Ordinum
1123 2002 1314 2088 Regularium

167 2108 414 2189 approbationem
436 2108 578 2186 extorsit,
608 2108 820 2171 verumetiam
845 2105 1058 2168 nonnullorum
1079 2111 1316 2187 presumptuosa

167 2205 321 2268 temeritas
332 2206 518 2268 diversorum
536 2205 681 2268 Ordinum
695 2207 841 2287 precipue
858 2204 1094 2268 Mendicautium
1108 2203 1244 2266 nondum
1258 2224 1316 2286 ape

165 2304 363 2385 probatorum
376 2304 554 2367 effrenatam
572 2306 656 2385 quasi
674 2306 894 2368 multitudinem
916 2304 1078 2367 adinvenit.
1103 2296 1216 2379 Quibus
1229 2305 1317 2386 plene

166 2399 293 2478 cognitis
302 2443 311 2476 ,
327 2407 361 2461 ut
375 2402 457 2463 malo
468 2401 572 2464 stetim
589 2408 776 2478 occurreret,
788 2401 948 2482 Gregorius
969 2403 1051 2482 Papa
1062 2403 1099 2461 X.
1117 2400 1228 2482 pariter
1240 2402 1317 2463 Pre-

165 2496 305 2560 decessor
313 2505 415 2561 noster
423 2500 454 2562 in
465 2499 596 2580 generali
605 2500 738 2561 Concilio
747 2497 937 2579 lugdunensi
947 2505 1090 2560 renovate
1100 2497 1315 2559 Constitutione

166 2591 260 2674 ipsius
271 2597 434 2659 innocentii
450 2600 501 2658 lll.
527 2598 755 2661 Praedeeessoris
768 2596 932 2661 districtius
943 2595 1090 2672 inhibuit,
1107 2614 1144 2657 ne
1158 2595 1264 2677 uliquis
1279 2596 1317 2658 de

165 2699 267 2755 cetero
277 2711 391 2759 novum
400 2697 552 2776 Ordinem,
567 2705 619 2761 aut
632 2695 817 2779 Religionem
830 2695 1013 2774 adinveniat,
1025 2695 1071 2757 vei
1085 2693 1222 2757 habitum
1234 2708 1318 2757 noun
1396 2701 1399 2706 ’

165 2791 325 2873 Religionis
340 2801 484 2857 assumat.
500 2797 629 2859 Cunctas
649 2816 722 2859 vero
742 2795 920 2876 generaliter
942 2793 1124 2874 Religioues‚
1140 2798 1171 2854 et
1191 2792 1317 2854 Ordines

165 2889 367 2953 Mendicantes
378 2899 447 2974 post
466 2893 632 2955 Concilium
645 2895 845 2955 Laternueuse
855 2893 905 2952 lv.
920 2889 1112 2965 adinventos‚
1131 2889 1183 2968 qui
1200 2889 1316 2952 nullam

165 2987 425 3051 continuationem
448 2984 533 3050 Sedis
554 2990 735 3070 Apostolioae
763 2992 947 3063 meruerunt,
971 2991 1117 3066 perpetuo
1139 2983 1312 3066 probibuit,

165 3084 362 3148 Confirmstos
374 3090 493 3162 autem,
509 3085 547 3151 ab
561 3087 734 3168 Apostolioa
747 3085 824 3149 Sede
841 3083 932 3147 modo
947 3082 1080 3145 decrevit
1096 3084 1257 3146 subsistere
1272 3083 1316 3146 ina

165 3181 323 3263 frascripto
339 3206 347 3243 :
363 3188 397 3243 ut
415 3182 554 3245 videficet
573 3182 792 3266 professoribus
804 3178 981 3243 eorumdem
995 3177 1141 3240 Ordiuum
1153 3178 1195 3240 ita
1212 3178 1316 3242 liceret

164 3276 195 3340 in
213 3278 270 3340 illis
283 3297 454 3357 remanere,
471 3279 496 3340 si
510 3281 675 3358 voluerint,
689 3279 771 3362 quod
785 3278 901 3341 nullum
912 3276 1052 3358 deinceps
1067 3275 1104 3343 ad
1120 3295 1225 3338 eorum
1239 3297 1315 3358 pro-

164 3375 325 3441 fessionem
339 3375 549 3458 admitterent,
562 3396 618 3440 nec
632 3378 670 3439 de
684 3395 763 3439 novo
782 3375 926 3453 domum,
940 3377 987 3439 vel
1000 3376 1129 3458 aliquem
1144 3378 1245 3440 locum
1261 3398 1317 3441 ac-

164 3475 331 3556 quirerent,
345 3494 402 3538 neo
413 3476 536 3555 domos,
548 3494 601 3538 seu
611 3475 696 3553 loon,
710 3493 776 3555 quc
787 3474 952 3552 habebant,
965 3468 1095 3536 alienare
1106 3475 1239 3536 valerent
1251 3476 1315 3539 sine

164 3569 299 3650 ejusdem
322 3572 353 3633 S.
369 3571 453 3635 Sedis
473 3571 593 3635 licentio
612 3570 744 3653 speciali.
760 3573 804 3633 Ea
821 3569 902 3633 enim
914 3571 1016 3633 omnia
1030 3569 1217 3650 dispositioni
1231 3571 1315 3633 Sedis

165 3669 342 3751 Apostoliore
353 3669 515 3733 reservavit
529 3670 559 3731 in
570 3671 668 3732 Terrae
685 3675 795 3730 sancta
807 3666 992 3746 subsidium,
1005 3667 1052 3730 vel
1068 3685 1252 3748 pauperum,
1269 3669 1314 3728 vel
1372 3663 1373 3666 ’

165 3765 239 3828 alios
251 3767 318 3849 pios
330 3786 401 3830 usus
416 3787 471 3850 per
481 3768 618 3832 locorum
632 3764 821 3843 ordinarios,
834 3765 880 3826 vel
899 3783 951 3827 eos
961 3811 969 3843 ‚
981 3764 1090 3845 quibus
1104 3765 1135 3825 S.
1147 3763 1238 3826 Sedes
1252 3764 1315 3846 ipsa

165 3863 360 3942 commiserit,
373 3863 585 3928 convertenda.
600 3863 739 3925 Personis
752 3879 872 3943 quoque
884 3860 1019 3942 ipsorum
1032 3859 1177 3922 Ordinum
1191 3859 1315 3922 omuino

165 3959 316 4023 interdixit
337 3962 438 4043 quoad
462 3968 620 4027 extraneos
642 3959 877 4043 predicationis,
901 3963 932 4020 et
957 3955 1095 4019 audiendi
1116 3955 1316 4018 confessiones

165 4055 310 4136 officium,
322 4065 373 4121 aut
385 4059 476 4122 etiem
488 4059 684 4141 sepulturam.
698 4056 866 4120 Declaravit
875 4062 978 4118 tamen
990 4055 1019 4116 iu
1031 4055 1089 4117 hac
1100 4051 1315 4116 Constitutione

164 4154 286 4220 minime
301 4156 534 4239 comprehensos
551 4175 617 4220 esse
631 4155 865 4218 Predicatorum
876 4160 908 4215 et
918 4153 1067 4215 ldinorum
1084 4150 1224 4225 Ordines,
1238 4167 1315 4240 quos

164 4253 287 4317 evidens
298 4271 335 4316 cx
349 4254 392 4316 eis
406 4254 519 4318 utilitas
528 4254 668 4319 Ecclesiae
683 4253 843 4316 universali
860 4250 1037 4336 proveniens
1050 4248 1245 4330 perhibuerat
1258 4267 1317 4333 ap-

165 4351 318 4429 probatos.
335 4352 496 4433 voluitque
508 4352 629 4434 insuper
642 4350 842 4414 Eremitarum
861 4351 893 4410 S.
909 4347 1083 4428 Augustini,
1100 4353 1131 4408 et
1145 4346 1317 4409 carmelita-

164 4465 233 4511 rum
251 4449 395 4512 Ordines
388 4469 417 4512 m
429 4449 524 4511 solido
537 4457 618 4512 statu
631 4467 823 4533 permanere,
835 4466 873 4509 ex
883 4464 920 4509 eo
935 4446 1016 4528 quod
1032 4446 1157 4509 istorum
1169 4445 1317 4509 institutio

164 4546 341 4627 predictum
351 4549 488 4630 generale
503 4547 670 4637 Concilium
686 4551 885 4611 belesmense
898 4549 1102 4628 praecesserat
1117 4542 1281 4608 mnium
1258 4562 1317 4606 sni·

1146 4650 1208 4705 as.
