3194 5354
302 455 353 506 ²2⁴
731 443 934 500 munnulus
950 443 1018 499 XlV

299 556 426 618 ritorum
440 551 562 628 londes,
578 549 617 611 ad
638 565 713 631 qnas
730 548 804 611 illud
820 548 913 610 etiarn
936 548 1006 611 addi
1022 546 1114 611 decus
1133 548 1342 631 agnoscimus,
1356 558 1450 638 tuque

299 654 365 734 ipsa
378 648 465 712 lacile
476 648 636 728 intelligas,
651 646 733 729 quod
746 652 776 709 te
787 653 932 728 tuamque
943 648 1112 727 Augustam
1122 648 1253 711 Donum
1263 667 1386 714 summa
1399 653 1451 716 ob·

299 747 462 825 maudo,
475 747 559 809 cultu
570 746 676 826 suique
689 745 780 807 animi
791 744 985 807 veneratione
998 751 1209 826 prosequatur.
1223 747 1289 808 [luo
1300 749 1452 831 precipua

299 846 347 908 ille
360 845 391 906 iu
406 842 556 906 mandatis
569 842 691 905 aNobis
702 842 809 920 babet,
820 860 887 923 que
901 842 940 906 ad
951 849 981 904 te
995 849 1134 905 accurate
1145 849 1250 906 nostro
1261 845 1385 908 nomine
1395 847 1453 910 dc-

299 942 385 1005 ierat.
407 940 542 1003 Primum
560 948 665 1002 nostra
681 938 735 1001 tibi
752 939 867 1001 eximie
882 939 912 1001 in
933 945 965 1002 te
980 948 1112 1021 paterne
1129 939 1264 1003 caritatb
1285 942 1401 1020 dudio,
1417 964 1453 1007 ac

299 1039 399 1102 officia
413 1038 515 1101 omnia
524 1036 694 1114 testabitur,
708 1054 774 1118 qne
787 1036 901 1118 optime
915 1037 979 1118 ipse
991 1037 1092 1115 novit,
1106 1055 1200 1119 quarn
1214 1038 1274 1109 alte
1287 1040 1381 1107 Nobis
1391 1042 1454 1105 im-

299 1150 415 1220 pressa,
425 1143 514 1218 atque
525 1135 615 1198 insita
621 1135 690 1212 sint,
700 1151 853 1215 quamque
862 1133 894 1195 in
903 1135 981 1195 votis
991 1153 1111 1216 semper
1117 1134 1297 1214 babeamus,
1307 1144 1342 1200 nt
1353 1138 1455 1220 reipsa

299 1233 440 1296 exhibere
448 1231 503 1294 tibi
516 1237 654 1293 nostrum
663 1229 745 1292 bunc
757 1247 829 1308 erga
839 1229 1027 1307 Maiestatem
1040 1231 1140 1293 Tuam
1153 1230 1289 1294 animum
1298 1277 1307 1311 ,
1317 1240 1350 1295 et
1362 1252 1454 1314 egre-

298 1330 348 1411 gia
357 1329 457 1410 aliqua
472 1326 687 1408 significatione
701 1325 900 1406 comprobare
910 1324 1070 1405 possimus.
1087 1326 1146 1407 Ipsi
1159 1326 1248 1407 igitur
1261 1334 1293 1391 te
1303 1330 1453 1409 majorem

299 1427 330 1490 in
345 1426 471 1488 modum
487 1425 681 1487 obsecramus
696 1429 731 1485 nt
750 1422 873 1505 plenam
891 1421 1033 1484 adhibere
1051 1422 1123 1485 valis
1140 1422 1232 1487 tidem
1249 1425 1280 1488 in
1297 1425 1334 1489 iis
1350 1429 1455 1490 omni-

299 1524 368 1602 bus,
379 1529 555 1605 quetecum
566 1527 669 1584 nostm
678 1518 800 1582 nomine
811 1526 933 1581 actruus
942 1527 999 1598 est,
1009 1519 1167 1602 eidemque
1177 1521 1307 1604 digamis
1317 1525 1455 1589 animum

299 1622 414 1704 aperire
427 1629 514 1684 tuum
528 1638 564 1682 ac
579 1619 681 1701 wem
696 1617 807 1695 iacere,
820 1624 1018 1699 qunbunrque
1030 1637 1049 1681 a
1061 1619 1153 1682 Nobis
1167 1620 1197 1682 in
1206 1622 1369 1701 qustads
1383 1626 1455 1688 Tne

300 1718 428 1798 gratim
437 1717 501 1781 lieri
513 1735 619 1798 posse,
630 1716 727 1779 veleb
737 1714 902 1797 Apostolici
914 1715 1069 1779 ministerii
1078 1715 1173 1779 nostri
1184 1717 1362 1781 ancwritate
1373 1739 1455 1802 opus

299 1815 353 1877 tibi
373 1833 439 1877 ease
448 1812 639 1894 judicaveris.
655 1814 730 1875 Cum
743 1812 845 1893 itaque
856 1811 887 1874 id
904 1812 968 1894 ipse
981 1812 1035 1874 tibi
1049 1811 1089 1875 de
1101 1812 1195 1876 Nobis
1204 1813 1286 1896 quod
1297 1815 1451 1896 cupimus,

300 1912 421 1975 abunde
436 1931 493 1994 pro
508 1930 563 1974 sno
576 1928 701 1974 munere
717 1909 914 1992 persuaserit,
936 1916 1001 1971 tum
1015 1916 1134 1972 nostras
1146 1909 1296 1989 Maiestati
1311 1912 1383 1975 Tne
1394 1912 1454 1975 de-

300 2020 419 2094 promet
442 2030 478 2074 ac
499 2011 660 2093 explicabit
680 2008 719 2072 de
742 2008 879 2090 prasenti
898 2008 1038 2071 Ecclesia
1056 2027 1093 2071 ac
1114 2008 1266 2090 religionis
1277 2009 1310 2073 iu
1328 2011 1456 2075 Polonia

299 2121 383 2176 statu
395 2129 484 2174 curas
499 2115 530 2173 et
543 2108 697 2171 molestias
715 2125 734 2169 a
748 2113 839 2187 teque
852 2123 921 2167 eam
932 2105 1104 2187 implorabit
1114 2106 1224 2171 noscis
1233 2107 1332 2170 verius
1343 2126 1452 2191 opem,

299 2230 392 2292 quam
409 2207 581 2288 hujusmodi
596 2206 627 2268 in
642 2205 693 2268 illo
712 2223 807 2285 regno
826 2204 952 2267 turbate
974 2203 1149 2286 afflictaeque
1167 2223 1216 2269 res
1241 2207 1375 2270 mamma
1394 2208 1454 2271 boo

299 2317 435 2391 ternpore
457 2306 594 2369 videntur
613 2321 786 2385 exposcere.
808 2301 970 2365 ltecmdari
999 2301 1086 2365 lacile
1109 2309 1214 2384 potes,
1241 2304 1398 2368 carissima
1423 2306 1454 2368 in

300 2407 418 2469 Christo
434 2405 495 2467 lilia
508 2411 622 2480 nostra,
637 2407 785 2483 quantum
796 2401 908 2463 idcirco
918 2400 1072 2463 laborarat
1085 2401 1245 2483 pastoralis
1259 2402 1310 2465 ille
1319 2403 1453 2467 maman

299 2505 337 2566 tis
359 2506 426 2565 Xlll
443 2501 669 2584 predecessoris
682 2500 776 2562 nostri
794 2500 912 2561 animus
927 2499 979 2581 qui
994 2498 1031 2562 ad
1045 2505 1075 2562 te
1091 2498 1193 2562 literas
1210 2499 1338 2563 dederat
1350 2502 1454 2583 plenas

303 2607 335 2663 ct
346 2600 551 2678 solicitudinis,
563 2605 594 2661 et
603 2598 738 2680 plurime
747 2597 785 2658 de
795 2605 848 2660 tuo
860 2597 890 2658 in
900 2597 1073 2677 religionem
1082 2596 1182 2660 studio
1193 2615 1265 2661 cum
1276 2598 1350 2679 regii
1362 2598 1454 2661 animi

301 2697 508 2778 magnitudine
522 2695 685 2775 conjuncto
695 2693 821 2756 fiducie.
836 2693 951 2757 Eodem
966 2697 1139 2777 Noanne,
1155 2702 1189 2756 ut
1202 2694 1368 2774 debemus,
1391 2695 1455 2759 illo·

299 2812 368 2857 rum
382 2793 540 2856 catholice
550 2791 621 2855 fidei
631 2790 837 2854 discriminum
848 2791 1037 2872 percellimur
1046 2810 1136 2854 sensu
1151 2791 1318 2874 eademqne
1335 2793 1455 2876 pietatis

300 2888 601 2971 acmagnanimitatis
612 2894 671 2950 tue
680 2906 746 2969 spe,
756 2905 849 2969 quam
864 2893 929 2950 tum
946 2889 1038 2950 etiam
1048 2889 1109 2952 tuis
1119 2889 1225 2952 litteris
1243 2889 1454 2966 confirmares,

299 3007 336 3052 ea
349 2982 409 3051 ate
423 2986 553 3070 petimus
565 3006 622 3069 pro
633 2986 745 3049 tuenda
758 2987 892 3050 Ecclesia
905 2986 1058 3069 presidio,
1072 3006 1139 3070 que
1159 2988 1380 3070 opportuniora
1390 3007 1455 3053 asse

299 3092 390 3168 atque
400 3085 568 3149 efficaciora
583 3084 636 3147 tibi
645 3102 701 3166 pro
711 3091 764 3147 tua
774 3084 921 3166 sapientia
929 3084 1118 3148 videbuntur.
1131 3084 1253 3149 Minime
1265 3085 1453 3161 dubitamus,

299 3183 372 3264 quin
386 3182 424 3244 de
434 3182 594 3264 pontificiis
607 3182 654 3243 bis
671 3181 813 3263 precibus
827 3200 896 3244 eam
911 3183 1024 3245 habeas
1040 3183 1205 3261 rationem,
1219 3201 1314 3265 wem
1328 3185 1371 3246 rei
1380 3203 1454 3264 gra-

300 3280 377 3342 vitas
389 3287 500 3360 tuaque
512 3298 530 3341 a
544 3286 574 3341 te
585 3279 713 3359 dignitas
725 3280 876 3361 postulat,
891 3297 927 3341 ac
937 3279 961 3342 si
975 3297 1096 3343 necesse
1107 3278 1209 3359 inerit,
1221 3279 1337 3362 regiam
1346 3280 1450 3355 etiam,

299 3395 392 3459 quam
406 3379 496 3439 obeo
509 3376 660 3458 accepisti,
672 3377 837 3457 potentiam
851 3397 907 3458 pro
919 3378 970 3440 Dei
984 3396 1077 3441 causa
1093 3378 1248 3458 adhibeas,
1265 3397 1360 3462 eaque
1372 3397 1450 3442 oon-

300 3474 367 3537 silia
378 3473 571 3555 actionesque
580 3472 736 3553 suscipias,
754 3492 820 3553 que
835 3473 1038 3537 immortalem
1053 3483 1138 3538 tuam
1152 3475 1324 3539 reddentia
1340 3476 1449 3538 Feclo-

299 3573 349 3637 sie
368 3572 453 3636 lastis
470 3571 598 3653 gloriam
614 3589 791 3652 semperque
801 3573 897 3652 magis
907 3574 1086 3655 Apostolice
1103 3574 1225 3655 Reginae
1236 3621 1246 3651 ,
1259 3571 1340 3656 quod
1358 3574 1450 3654 geris,

299 3688 410 3735 nomen
423 3671 588 3748 illustrent,
610 3687 682 3732 cnm
701 3669 874 3761 religionem
893 3689 954 3734 non
972 3671 1073 3736 minus
1090 3673 1120 3735 in
1138 3673 1249 3736 exteris
1271 3670 1452 3749 ditionibus,

300 3787 394 3853 quam
411 3769 441 3829 in
463 3768 523 3829 tuis
539 3767 646 3830 fulcias
663 3785 700 3829 ac
721 3766 843 3829 tuearis.
863 3767 922 3830 Sed
942 3768 1005 3832 bec
1018 3771 1080 3832 Nos
1098 3770 1226 3834 breviter
1248 3770 1331 3835 hisee
1346 3769 1454 3833 litteris

299 3865 508 3949 pertingimus,
527 3884 593 3947 que
613 3866 794 3929 luculentius
811 3872 912 3928 tecum
929 3885 1032 3929 coram
1050 3867 1130 3929 idem
1150 3866 1337 3931 Venerabilis
1347 3867 1452 3929 Frater

299 3970 403 4029 nostm
419 3963 540 4024 nomine
557 3965 764 4044 pertractabit.
779 3967 907 4027 Demum
920 3983 1012 4045 quam
1026 3966 1090 4047 ipse
1104 3965 1159 4028 tibi
1174 3984 1192 4028 a
1206 3963 1300 4027 Nobis
1310 3964 1453 4046 apostoli·

299 4080 367 4125 cam
380 4060 620 4124 benedictionem
631 4059 754 4137 deleret,
766 4061 894 4122 eandem
904 4063 966 4124 Nos
976 4070 1010 4124 nt
1023 4060 1192 4125 divinornm
1202 4077 1364 4124 munerum
1378 4079 1454 4123 ous-

299 4162 414 4242 picem,
428 4167 595 4240 nostreque
606 4158 720 4222 eximie
733 4158 865 4221 caritatis
877 4157 984 4239 pignus
997 4159 1104 4222 intimo
1119 4157 1236 4241 paterni
1249 4155 1348 4220 cordis
1360 4174 1454 4219 sensu

299 4257 445 4335 llaJ'estati
460 4259 531 4319 Tne
547 4254 751 4318 amantissime
775 4255 974 4337 impertimur.
997 4258 1110 4321 Mun
1124 4259 1236 4327 Rotae,
1253 4262 1324 4327 etc..
1344 4254 1398 4316 dic
1417 4267 1452 4316 ts

301 4355 412 4432 aprilis
436 4366 524 4430 trra,
535 4358 728 4436 pontificatus
742 4360 837 4416 nostri
852 4372 935 4416 anno
947 4361 1046 4420 tertio.
