3194 5354
367 511 548 567 nulsione:
567 512 611 564 ET
630 512 758 564 Bantia
779 511 1012 566 sermione.
1210 517 1262 567 305

119 624 153 676 ut
167 615 421 676 christianissima
444 615 592 694 Majestati
614 616 684 675 Tuae
704 616 801 694 reipsa
824 616 1005 695 probemus,
1029 615 1138 694 quibus
1153 616 1260 685 officii,

117 711 207 773 studii
220 730 254 773 ae
266 719 397 792 patema
406 711 539 772 caritatis
552 711 678 772 vinculis
688 711 744 792 ipsi
753 711 887 773 obstricti
899 730 934 772 ac
946 711 1057 773 deviati
1069 713 1172 773 simus.
1186 715 1262 775 lllnd

116 810 198 891 quod
212 810 341 872 maxime
360 828 520 892 possumus
535 809 588 870 tibi
609 828 799 890 summopere
817 809 1035 889 prestabimus.
1057 813 1152 871 Deum
1167 812 1263 872 omni·

117 916 272 988 potentem
286 955 293 984 ‚
309 915 400 988 prout
424 907 569 983 facimus,
594 904 712 968 assidue
733 905 875 969 nimirum
893 907 1131 988 deprecabimur,
1147 915 1180 968 ut
1196 927 1263 987 quae

117 1005 265 1082 Maiestati
287 1007 359 1066 Tuae
376 1004 542 1081 debemus,
554 1003 617 1085 ipse
633 1002 686 1065 tibi
709 1003 739 1066 in
759 1005 890 1084 glorioso
905 1024 941 1066 ac
962 1023 1105 1086 prospero
1124 1007 1190 1067 rita
1205 1014 1262 1068 tuae

117 1121 205 1163 cursu
222 1102 252 1162 in
267 1101 428 1163 liberorum
445 1108 586 1177 tuorum,
605 1109 636 1163 et
647 1101 745 1181 Regiae
762 1104 875 1164 Domus
885 1102 1081 1182 amplitudine
1091 1149 1099 1180 ,
1109 1101 1261 1182 felicitate,

118 1199 314 1261 diuturnitate
333 1197 454 1259 reserat.
469 1200 536 1272 Quo
555 1197 688 1260 firmiora
701 1197 759 1258 sint
778 1197 840 1259 haec
851 1205 922 1260 vota
933 1207 1052 1271 nostra,
1067 1201 1262 1280 apostolicam

117 1295 361 1359 benedictionem
374 1294 501 1355 coelestis
521 1293 623 1373 gratiae
637 1292 790 1373 auspicem
801 1292 866 1371 tibi,
879 1295 1032 1356 carissime
1045 1296 1074 1356 in
1088 1297 1205 1358 Christo
1222 1298 1262 1360 fili

117 1400 230 1471 noster,
242 1398 360 1473 tuaeque
374 1391 517 1454 universae
529 1391 627 1471 Regiae
637 1390 756 1453 familia
769 1392 971 1453 amantissime
985 1394 1182 1473 impertimur.
1197 1398 1264 1456 De-

119 1499 183 1552 lum
195 1493 311 1561 Remoe,
324 1493 406 1570 apud
419 1493 562 1553 sanctam
576 1494 705 1553 Martem
716 1491 874 1567 Majorem,
887 1492 940 1552 sub
950 1492 1072 1553 ,Annulo
1084 1495 1261 1564 Piscatorir,

117 1589 168 1648 die
189 1600 206 1649 t
224 1593 297 1648 maii
316 1602 405 1666 lm,
423 1592 942 1668 pontificetssaostriocuoquinto.

599 1857 777 1929 CCLXVll.

451 2010 652 2055 saucnrssnn
676 2012 792 2054 notetur
816 2012 929 2055 nosnui

170 2119 425 2187 CLEMENTIS
452 2122 615 2191 DIVINA
640 2123 952 2193 PROVIDENTm
979 2123 1101 2193 PAPAE
1126 2123 1207 2190 XIV

526 2261 844 2358 innocuum,

200 2409 314 2458 HABITA
331 2409 365 2457 nt
381 2410 586 2461 uouslsnonlo
602 2411 753 2472 secanio,
769 2413 824 2460 DlE
842 2413 875 2460 lx
892 2410 962 2459 Mali
979 2409 1174 2459 uincentum.

161 2541 348 2603 Venerabile
362 2540 489 2619 fratres.
509 2544 584 2604 Cum
597 2545 662 2622 jam
676 2544 764 2605 instet
785 2542 927 2605 solemnis
939 2540 1130 2604 Ascensionis
1142 2539 1260 2603 Domini

114 2637 177 2699 dies
189 2683 197 2714 ,
210 2658 271 2719 qua
282 2639 428 2701 universis
443 2639 581 2703 fidelibus
592 2641 757 2722 apostoliea
775 2659 849 2703 voce
864 2640 934 2702 anni
950 2638 1044 2701 sancti
1055 2637 1195 2716 jubilaeus
1215 2645 1261 2699 est
1368 2671 1370 2676 <

115 2734 306 2814 indicendus,
318 2744 426 2817 praesto
442 2738 528 2801 vobis
538 2757 604 2802 esse
617 2739 782 2816 voluimus,
796 2738 985 2802 venerabiles
999 2740 1130 2810 Fratres,
1145 2736 1262 2799 littera-

115 2849 182 2892 rum
192 2833 330 2913 exempla
337 2834 446 2912 quibus
464 2835 586 2897 eosdem
597 2835 636 2898 ad
646 2837 725 2898 hanc
732 2838 898 2900 maximam
908 2837 1046 2899 Ecclesia
1055 2836 1260 2898 celebritatem

114 2948 285 2992 evocamus.
305 2932 370 3004 Qua
383 2951 456 2993 eura
468 2932 616 3012 perfuncti
635 2933 773 3013 exemplo
787 2933 927 2995 dabimus
941 2952 1064 3013 operam
1084 2940 1116 2992 ul
1131 2932 1210 2993 viros
1229 2932 1259 2991 in

113 3030 291 3108 Evangelico
306 3030 471 3092 ministerio
484 3030 662 3092 exercitatos
674 3030 857 3110 deligamus,
867 3029 919 3110 qui
933 3029 1033 3090 divina
1043 3028 1140 3108 gratia
1153 3045 1259 3089 eorum

114 3134 241 3188 conatus
254 3133 286 3188 et
298 3126 423 3190 consilia
437 3133 540 3191 nostra
556 3126 732 3206 adiurante,
744 3127 774 3189 in
787 3128 847 3190 bae
860 3128 935 3191 urbe
948 3129 1093 3209 populum
1111 3127 1150 3189 ad
1168 3128 1260 3208 peani-

114 3225 238 3288 tentiam
251 3225 394 3306 agendam
412 3246 449 3289 ac
461 3232 656 3308 peecatorum
673 3225 881 3288 remissionem
896 3224 1119 3306 percipiendam
1139 3223 1259 3286 inllam-

113 3329 204 3383 ment.
213 3325 413 3404 Quaecumque
419 3329 564 3405 praeterea
571 3323 611 3386 ad
620 3322 781 3386 criminum
790 3322 1001 3403 expiationem,
1010 3321 1048 3383 ad
1054 3321 1106 3384 Dei
1111 3320 1259 3400 iustitiam

114 3420 308 3498 placandam,
325 3421 561 3485 misericordiam
573 3440 609 3483 ac
624 3420 841 3500 indulgentiam
857 3419 1072 3497 obtinendam,
1088 3418 1258 3483 animarum

113 3516 240 3599 denique
262 3520 389 3582 salutem
402 3518 637 3601 comparandam
651 3519 749 3600 nragis
769 3518 883 3583 idonea
903 3524 993 3599 atque
1007 3517 1095 3580 utiles
1108 3518 1257 3592 rationes,

114 3621 267 3700 praesidia,
282 3641 318 3685 ac
338 3621 495 3684 facultates
514 3618 698 3701 suppeditari
723 3637 741 3680 a
758 3617 851 3680 Nobis
868 3622 1026 3698 poterunt,
1045 3634 1097 3678 eas
1108 3616 1259 3680 omnesli·

113 3714 283 3783 beatissime
298 3719 508 3800 uberrimeqne
522 3716 721 3782 conferemus.
736 3716 858 3778 Interim
870 3734 931 3778 una
944 3714 1101 3778 vobiscum
1116 3714 1258 3794 omnipo-

114 3821 225 3876 tentem
245 3819 340 3878 Deum
352 3816 503 3879 obsecrari
518 3834 579 3877 non
593 3815 842 3893 intermittemus,
855 3814 962 3877 utusc
972 3813 1073 3877 studia
1083 3821 1187 3878 nostra
1201 3833 1257 3894 pro

113 3912 191 3973 illius
211 3912 346 3991 augenda
363 3914 459 3994 gloria
476 3920 507 3975 et
522 3913 664 3981 ¹Ecclesiae
678 3911 877 3975 edificatione
895 3919 1036 3994 suscepta
1058 3910 1258 3994 optatissimus

114 4009 211 4070 exitus
222 4008 465 4093 habeant,utque
476 4011 536 4075 hoc
546 4017 682 4093 tempore
695 4012 982 4076 suamclemeutiam
996 4029 1032 4076 ae
1042 4010 1258 4091 benignitatem
1282 4000 1284 4005 ’

116 4106 145 4166 in
160 4107 295 4170 emnium
311 4110 549 4175 sanctificatione
567 4109 700 4194 maxime
713 4118 918 4192 perspectam,
937 4131 972 4174 ac
990 4109 1180 4172 manifestam
1191 4125 1261 4168 esse-

112 4205 192 4265 velit.
1139 4235 1142 4242 r
1231 4235 1232 4238 ¹

592 4422 774 4440 ..ά-υ
