3194 5354
231 479 266 529 92
660 475 864 531 mercaturis
881 476 945 530 xlv

232 579 289 641 tuis
301 580 439 641 maxinris
460 579 573 641 meritis
587 580 719 642 innixam
732 581 987 657 benevolentiam,
1002 599 1095 660 quam
1111 581 1164 642 tibi
1177 599 1297 663 semper
1309 601 1381 646 ma-

229 675 274 754 gis
286 676 405 755 egregia
425 675 524 757 aliqua
543 676 760 756 significatione
778 677 958 739 continuare
976 677 1142 758 cupientes,
1155 678 1275 740 interim
1290 698 1381 761 apos-
1468 667 1473 683 ’

230 768 351 831 tolicam
370 772 608 834 benedictionem
632 773 698 851 tibi,
714 774 899 835 Venerabilis
920 775 1034 850 irater,
1051 781 1243 854 peramanter
1261 775 1380 857 imper-

229 870 331 933 timur.
348 876 461 936 Dotem
476 875 672 944 tenueere,
691 873 741 933 die
752 884 771 934 o
778 874 865 950 junii
880 883 967 948 ltro,
981 876 1175 951 pontificatus
1187 878 1285 934 nostri
1296 893 1379 936 oeno

227 973 366 1033 ereum.

710 1184 884 1253 LXXXIV.

639 1341 828 1383 versunum
852 1341 964 1383 renunt
1015 1362 1020 1373 =

356 1446 492 1506 abano
512 1446 722 1507 FlllDllRlCO
743 1446 928 1506 EPIScot’o
949 1446 1238 1518 BAMBERGENSI,

656 1573 696 1619 ur
711 1570 935 1630 matronensr,

536 1675 767 1755 CLEMENS
795 1679 923 1753 PAPA
952 1676 1060 1752 XIV.

1011 1828 1108 1885 Rome,
1124 1832 1154 1875 20
1163 1825 1223 1886 lunii
1237 1829 1305 1875 1770.

269 1936 472 2005 Venerabilis,
484 1942 541 1995 etc.
561 1935 622 1995 Etsi
643 1935 672 1995 in
687 1934 804 1995 dierum
818 1934 962 1996 festorum
983 1932 1192 1994 imminutione
1201 1950 1292 2012 quam
1307 1935 1371 1997 Nos

224 2032 337 2093 inducti
351 2049 518 2112 pauperum
535 2049 627 2111 opera
644 2049 679 2092 ac
700 2032 802 2093 labore
816 2031 871 2093 sibi
889 2031 1002 2093 victum
1022 2031 1220 2111 querentium
1234 2034 1370 2095 necessi-

224 2128 335 2190 tatibus
346 2146 399 2208 per
410 2134 440 2188 te
452 2127 584 2207 aliosque
595 2129 755 2190 nonnullos
767 2129 959 2190 Venerabiles
970 2131 1089 2190 Fratres
1100 2128 1266 2209 Episcopos
1276 2147 1369 2211 expo

223 2226 287 2286 sitis
304 2223 472 2285 taciendam
487 2223 659 2304 Apostolica
680 2224 860 2287 auctoritate
873 2224 1095 2296 concessimus,
1118 2222 1270 2285 servande
1291 2222 1370 2285 inter

223 2337 276 2381 vos
291 2320 320 2380 in
334 2320 417 2381 cultu
429 2318 481 2380 Dei
501 2317 714 2380 uniformitatis
726 2319 875 2382 rationem
888 2319 1059 2382 habendam
1073 2319 1273 2397 donaremus,
1298 2319 1368 2380 illuc

223 2423 324 2477 tamen
341 2415 491 2496 precipue
508 2415 691 2477 intendimus
706 2435 809 2495 curas,
826 2425 856 2479 et
867 2418 992 2481 consilia
1006 2425 1124 2496 nostra,
1139 2426 1173 2480 ut
1189 2418 1367 2495 minimum,

221 2512 303 2593 quod
316 2512 379 2574 lieri
391 2518 504 2592 posset,
515 2513 553 2572 ab
563 2513 776 2576 Ecclesiastiee
784 2514 946 2595 discipline
959 2516 1123 2598 antiquitus
1129 2517 1194 2594 jam
1204 2535 1258 2596 per
1269 2516 1369 2579 Chris·

221 2612 337 2673 tianum
354 2612 459 2673 orbem
471 2610 668 2673 constabilitae
680 2612 796 2691 legibus
813 2615 1012 2677 recederetur.
1030 2618 1128 2696 Atque
1143 2614 1256 2676 idcirco
1268 2615 1367 2678 visum

222 2711 314 2773 Nobis
323 2711 380 2772 luit
391 2729 488 2790 neque
501 2730 519 2771 a
531 2710 656 2790 pristina
668 2711 786 2772 dierum
798 2710 867 2773 sede
880 2711 1075 2775 dimovendae
1089 2730 1155 2773 esse
1169 2713 1367 2783 Sanctorum,

220 2808 381 2889 dequibus
401 2807 556 2888 agebatur,
575 2808 894 2885 commemorationes,
914 2826 1011 2888 neque
1031 2807 1231 2889 precedentes
1244 2807 1369 2889 vigilias

220 2925 290 2969 cum
303 2905 425 2968 annexis
435 2905 557 2985 jejuniis
577 2923 632 2967 suo
646 2906 714 2968 loco
731 2924 796 2967 esse
809 2905 1023 2968 deturbandas.
1039 2907 1159 2968 Salvam
1172 2912 1263 2986 atque
1279 2906 1367 2971 inso-

220 3007 331 3068 lumem
344 3007 373 3066 in
384 3005 444 3067 boc
455 3023 518 3067 esse
527 3006 665 3067 volumus
673 3004 802 3086 priscam
814 3010 1008 3084 paternorum
1019 3021 1171 3065 canonum
1180 3048 1189 3081 ,
1199 3003 1368 3083 religiosis-

219 3103 423 3183 simammque
442 3102 580 3165 Ecclesiae
599 3101 820 3165 institutionum
838 3100 914 3179 vim,
935 3121 1005 3163 cum
1025 3101 1222 3182 indigentium
1239 3103 1370 3165 necessi

220 3200 274 3260 tati
287 3200 359 3260 satis
375 3201 439 3277 jam
452 3207 530 3260 esset
542 3205 573 3260 et
585 3198 725 3261 audiendi
742 3199 837 3276 sacri,
850 3206 881 3260 et
899 3198 1051 3260 servilium
1065 3216 1192 3279 operum
1212 3198 1365 3259 intermis-

220 3297 311 3360 sionis
319 3296 538 3378 dispensatione
550 3299 732 3361 consultum.
744 3297 835 3359 Vides
847 3295 1141 3376 igitur,llenerabilis
1150 3297 1367 3375 Frater,quam

221 3396 323 3474 longe,
336 3401 366 3454 et
380 3412 398 3455 a
412 3394 558 3454 sententia
576 3400 679 3455 nostra
700 3401 730 3455 et
751 3413 768 3456 a
782 3393 873 3456 sacris
884 3392 1015 3473 legibus,
1028 3398 1058 3453 et
1073 3391 1111 3453 ab
1126 3391 1191 3472 ipso
1205 3388 1369 3453 uuilonni-

219 3492 290 3553 tatis
306 3491 412 3571 spiritu
427 3489 566 3570 Episcopi
581 3489 743 3568 distarent,
765 3492 817 3571 qui
830 3496 908 3553 lnter
926 3490 1070 3552 finitimos
1086 3497 1170 3567 tuos,
1186 3498 1220 3552 ut
1242 3490 1368 3555 inuuere

220 3590 343 3669 rideris,
356 3590 385 3650 in
398 3587 575 3668 Vigiliarum
585 3633 593 3665 ,
605 3594 636 3650 et
643 3589 825 3667 jejuniorum
848 3589 1048 3669 quorumdam
1062 3588 1092 3649 in
1106 3586 1279 3668 precedens
1292 3588 1369 3651 sab-

218 3689 345 3750 bathum
356 3686 583 3749 translationem
601 3687 815 3749 oonsenserlnt.
831 3689 928 3762 Quam
941 3686 1064 3767 quidem
1080 3686 1192 3748 scimus
1203 3685 1368 3766 sapientis-

219 3783 330 3844 simum
346 3784 440 3845 etiam
453 3781 702 3863 predecessorem
721 3791 859 3846 nostrum
877 3784 926 3845 iel.
943 3802 1005 3846 rec.
1022 3782 1216 3846 Benedictum
1229 3784 1298 3844 xlv
1308 3787 1369 3853 etsi

218 3902 296 3964 sepe
318 3888 471 3961 rogatum,
486 3881 575 3943 nullis
591 3888 692 3944 tamen
713 3881 880 3944 rationibus
898 3881 996 3943 induci
1012 3899 1146 3961 unquam
1157 3879 1310 3961 potuisse,
1332 3891 1370 3945 ut

218 3980 405 4045 concederet.
422 3979 488 4041 Noli
503 3979 603 4060 itaque
616 3979 780 4042 conformis
796 3979 859 4040 lieri
878 3978 931 4056 iis,
944 3979 995 4059 qui
1011 3979 1049 4040 ab
1066 3978 1209 4039 universe
1224 3976 1369 4041 ecclesie

219 4097 292 4153 usu,
309 4094 405 4157 eaque
421 4075 638 4154 uniformitate,
655 4095 721 4156 que
743 4077 781 4136 ab
796 4076 936 4137 omnibus
955 4076 1086 4137 maximo
1108 4071 1255 4137 servanda
1265 4081 1313 4133 est
1334 4082 1380 4169 eq

219 4173 388 4251 retinenda,
412 4180 443 4235 et
463 4179 607 4253 preterea
632 4192 650 4235 a
673 4172 773 4235 debita
802 4174 979 4253 Apostolice
1003 4174 1154 4236 cathedre
1173 4170 1369 4235 observantia

219 4268 380 4347 plurimum
397 4270 598 4333 discesserint.
617 4274 696 4332 bum
707 4270 770 4330 hec
782 4271 853 4346 tibi,
868 4272 1051 4333 Venerabilis
1070 4275 1184 4349 Frater,
1199 4287 1255 4350 pro
1269 4269 1369 4331 nostri

219 4363 351 4425 muneris
365 4368 495 4443 ratione,
521 4387 636 4449 proque
651 4367 718 4443 illo,
742 4369 967 4447 quodebemus
988 4389 1054 4432 esse
1077 4370 1106 4431 in
1124 4365 1368 4431 Feclesiaaticam

217 4459 422 4541 disciplinam,
442 4466 541 4528 studio
555 4464 763 4543 rescribimus,
783 4467 930 4545 majorem
946 4468 975 4528 in
994 4466 1119 4540 modum
1135 4474 1165 4528 te
1181 4466 1211 4527 in
1235 4464 1367 4527 Domino
