3194 5354
372 479 552 536 EPlSTOLAE
569 479 616 532 ET
635 478 768 532 BREVlA
787 479 1020 535 SELECTlORA.
1236 485 1267 539 al

129 591 173 652 ita
186 588 310 650 minime
325 587 511 662 dubitamus,
523 585 595 665 quin
608 585 661 644 tibi
676 584 713 644 ad
728 584 846 662 similia,
862 605 896 646 ac
909 588 1025 666 majora
1038 587 1128 648 etiam
1142 606 1198 668 pro
1212 607 1271 670 op-

127 686 312 768 portunitate
325 683 507 764 capessenda
519 687 608 761 atque
620 680 735 760 agenda
748 680 807 743 sint
822 683 1027 745 incitamenta.
1041 686 1102 746 Nos
1112 692 1192 746 certe
1203 706 1272 766 quae

125 785 163 845 de
181 793 212 846 te
231 782 428 857 sentiremus,
450 781 492 841 ita
512 779 566 840 tibi
580 797 661 840 nunc
675 780 854 860 exponenda
867 780 1023 858 duximus,
1039 787 1073 841 ut
1092 800 1153 843 non
1172 785 1270 845 solum

125 890 248 943 tuorum
262 881 439 942 meritorum
450 884 541 941 testes
551 877 607 939 bas
618 877 744 939 haberes
757 877 883 955 litteras,
896 879 950 940 sed
966 879 1075 960 pignus
1086 880 1178 942 etiam
1190 899 1271 961 pon-

125 980 224 1041 tilioiae
244 981 275 1040 in
292 983 322 1040 te
341 976 466 1057 egregia
487 975 661 1037 voluntatis.
685 975 771 1050 Quod
788 976 938 1056 reliquum
958 983 1019 1055 est,
1042 977 1101 1038 hoc
1117 996 1198 1041 nunc
1216 980 1270 1040 tibi

125 1093 305 1156 magnopere
316 1074 509 1150 mandamns,
517 1080 550 1135 ut
560 1074 685 1136 eximios
697 1075 763 1136 illos
775 1077 865 1153 viros,
878 1075 1043 1157 praesertim
1056 1076 1180 1137 dilectos
1194 1077 1271 1137 lilios

124 1174 288 1235 Plebanum
304 1173 466 1251 Gloggner,
480 1172 660 1233 Scultettum
668 1172 836 1252 Balthasar,
846 1172 1006 1255 deputatos
1022 1173 1060 1234 ad
1069 1173 1193 1234 consilia
1202 1174 1272 1234 Fra-

125 1269 314 1332 venleldense
327 1276 358 1330 et
371 1273 545 1349 Luganense
552 1315 561 1347 ,
574 1275 757 1349 caeterosque
768 1269 834 1350 pios
845 1278 1010 1347 senatores,
1025 1289 1154 1351 qnorum
1165 1289 1269 1351 opera,

125 1368 314 1445 auctoritate,
327 1386 362 1429 ae
376 1369 522 1448 sapientia
535 1387 607 1430 usus
621 1385 653 1429 es
667 1367 698 1429 in
710 1368 823 1429 tuendo
834 1370 973 1431 Ecclesiae
985 1371 1063 1447 jure,
1078 1369 1191 1449 quiquo
1206 1375 1270 1430 tam

125 1466 268 1546 preclare
288 1465 325 1526 de
336 1465 428 1527 Nobis
444 1467 541 1547 deque
561 1467 726 1548 apostolica
737 1467 795 1528 hac
814 1467 884 1528 sede
896 1472 966 1529 sunt
985 1467 1084 1528 meriti
1102 1468 1146 1528 ita
1165 1472 1270 1529 nostro

124 1563 246 1623 nomine
261 1562 427 1640 collaudes,
444 1568 478 1623 ut
498 1563 603 1624 iisdem
616 1581 677 1624 una
689 1563 871 1644 persuadeas
882 1564 920 1624 de
933 1565 1102 1643 gratissima
1114 1570 1219 1626 nostra
1235 1584 1271 1627 ao

125 1659 266 1738 singulari
285 1658 316 1719 in
331 1678 384 1720 eos
402 1661 572 1737 voluntate,
586 1660 673 1738 cujus
686 1661 829 1721 uberrimi
844 1662 977 1739 fructus,
990 1663 1092 1744 siquis
1103 1664 1188 1725 loeus
1201 1664 1269 1736 erit,

125 1773 280 1836 nunquam
298 1757 371 1837 ipsis
387 1775 441 1837 per
452 1759 512 1820 Nos
526 1763 596 1819 sunt
606 1758 749 1820 defuturi.
769 1762 868 1839 Atque
879 1761 909 1821 in
929 1762 1020 1839 hujus
1032 1762 1193 1842 pontificias
1211 1781 1271 1843 pa-

125 1858 216 1914 ternae
245 1852 379 1914 canatis
408 1853 516 1932 pignus
538 1852 652 1914 eisdem
677 1854 874 1933 apostolicam
895 1856 1134 1919 benedictionem
1159 1859 1270 1919 nostris

123 1949 1270 2035 verbispersmanterimperties,quamtibietiam,venernbilisfrater,aaque
1352 1971 1357 1982 ’

125 2046 336 2141 luculenterac
344 2053 535 2126 peramanter
547 2047 719 2129 elargimur.
733 2052 846 2112 Datum
864 2053 975 2119 llomoe,
993 2060 1063 2125 etc,
1077 2055 1128 2114 dte
1145 2063 1181 2114 ut
1199 2072 1270 2132 sep-

124 2146 247 2206 tembris
259 2155 346 2223 1769,
359 2149 552 2224 portabatur
566 2153 662 2208 nostra·
677 2166 757 2209 anuo
768 2153 878 2228 prinae.

289 2403 319 2463 0
627 2400 761 2469 XXXV.

399 2570 571 2614 caarssmo
585 2572 621 2612 ru
635 2571 767 2613 crrursro
780 2544 869 2613 rrnro
882 2558 1013 2615 nesrac

356 2685 584 2747 LUDOVICO
612 2686 898 2749 FRANCORUM
925 2688 1034 2748 REGI

446 2816 679 2893 CLEMENS
702 2818 829 2894 ΡΑΡΛ
848 2816 950 2893 XIV.

861 2992 954 3048 ltumae,
967 2995 996 3039 so
1007 2989 1123 3050 septemb.
1139 2994 1206 3040 1769.

166 3095 338 3166 Carissimo,
353 3100 409 3155 eto.
423 3097 464 3154 Le
478 3095 597 3155 dernier
610 3095 708 3175 projet
723 3112 799 3156 nous
814 3094 971 3156 manifeste
987 3113 1026 3156 au
1040 3112 1112 3156 nom
1126 3095 1164 3156 de
1177 3096 1271 3159 Votre

50 3216 68 3243 x
124 3188 236 3268 Royale
249 3188 373 3265 Moleste
385 3207 441 3269 par
454 3189 482 3250 le
494 3189 627 3251 cardinal
638 3189 676 3251 de
687 3189 801 3267 Bemis,
816 3191 964 3253 touchant
976 3192 1004 3253 le
1015 3209 1158 3252 commun
1169 3211 1270 3255 connu

124 3287 227 3348 allaire
239 3333 248 3366 ,
262 3288 338 3349 aete
351 3307 407 3368 par
417 3308 494 3351 nous
504 3307 576 3351 aveo
590 3289 745 3367 agrement
756 3288 890 3350 aconeilli
898 3311 907 3366 ;
922 3306 999 3350 nous
1008 3288 1158 3349 semblant
1172 3289 1269 3351 beau

123 3383 231 3463 coupt
250 3401 378 3463 propos,
391 3403 468 3465 pour
481 3385 509 3445 le
528 3383 598 3445 bien
615 3383 760 3445 rondnire
773 3385 792 3444 a
805 3403 838 3445 sa
852 3383 894 3445 lin
909 3402 981 3445 avec
993 3383 1178 3445 satisfaction
1190 3385 1270 3446 re'ci-

123 3499 245 3561 proque.
260 3481 433 3562 Cependant
443 3500 520 3544 nous
533 3499 637 3543 serons
648 3500 687 3543 en
702 3480 849 3543 attention
859 3480 897 3542 de
911 3481 1046 3543 receuoir
1056 3499 1112 3561 par
1128 3480 1156 3542 le
1171 3482 1269 3542 meme

123 3578 255 3641 cardinal
269 3597 319 3640 ces
335 3580 510 3657 memoires,
524 3579 654 3660 lesquels
671 3583 740 3641 sont
758 3579 940 3641 necessaires
956 3597 1035 3658 pour
1051 3577 1116 3638 cela
1124 3601 1133 3654 ;
1153 3577 1214 3638 alin
1232 3577 1270 3638 de

122 3677 247 3756 pouvoir
269 3677 357 3758 apres
377 3678 530 3739 examiner
545 3677 688 3755 l'aliaire5
709 3695 745 3739 ce
760 3677 811 3759 qni
833 3683 924 3757 ayant
942 3677 991 3737 ete
1010 3673 1173 3755 accompli,
1192 3693 1269 3735 nous

123 3772 295 3835 donnerons
306 3793 365 3836 une
378 3793 504 3856 marque
520 3781 677 3837 constante
688 3774 726 3836 de
737 3781 823 3838 notre
840 3774 1004 3856 patemelle
1021 3772 1181 3850 affection,
1197 3791 1269 3834 aveo

124 3869 252 3949 laquelle
269 3890 346 3934 nous
364 3873 503 3935 donnons
519 3874 642 3935 tVotre
660 3871 785 3952 lllajestd
795 3879 827 3934 et
840 3875 858 3935 d
870 3873 900 3934 la
914 3872 1027 3952 Royale
1041 3889 1075 3933 sa
1089 3868 1200 3932 famille
1217 3869 1269 3930 l'a·

123 3968 292 4049 postolique
303 3979 389 4033 notre
400 3971 598 4035 benedictina.
607 3975 721 4034 Dotem
731 3973 815 4050 opud
823 3973 1115 4034 Sanctam-Marione
1122 3971 1268 4046 majorem

124 4065 230 4126 Pridie
248 4069 402 4130 Kalendas
420 4072 544 4134 octobris
568 4073 579 4149 (
589 4081 625 4132 80
642 4072 835 4149 septembris)
857 4081 952 4150 1769,
965 4072 1156 4150 pontificatus
1176 4067 1269 4125 nostri

126 4178 206 4224 anuo
215 4169 325 4240 pmcne

607 4311 790 4327 πμ...-
