3194 5354
644 513 848 569 cmman'ns
866 513 930 582 xlv

701 669 860 739 cxxvn.

476 828 641 873 carissiaco
664 829 698 870 m
720 826 849 870 enniano
870 825 956 868 rrum
980 823 1099 867 noarac

324 934 521 996 LUDOVICO
541 930 778 992 FRANCORUM
798 931 890 991 naal
910 930 1251 996 cflnlsrlanlsslnu

523 1056 756 1137 CLEMENS
783 1056 910 1134 PAPA
937 1054 1046 1133 XIV.

943 1208 1039 1267 Romae,
1056 1212 1087 1257 20
1100 1208 1213 1259 februarii
1225 1215 1293 1262 1771.

254 1317 431 1386 Carissimo,
445 1318 501 1375 ete.
517 1316 586 1388 Qua
601 1318 703 1374 nostra
716 1319 762 1375 est
773 1330 844 1373 cum
855 1309 949 1391 Regia
960 1310 1116 1390 Maiestate
1127 1313 1208 1390 Tua,
1226 1331 1361 1396 cumqno

213 1414 350 1475 universa
365 1412 531 1474 Borbonica
545 1410 667 1473 Familia
678 1409 846 1472 studiorum
858 1414 1049 1490 paternaeque
1061 1410 1193 1472 caritatis
1207 1414 1358 1491 conjunc-

211 1513 269 1590 tio,
279 1512 386 1574 ecdem
397 1511 456 1573 boc
466 1517 601 1590 tempore
610 1509 752 1588 praeteriri
765 1507 969 1588 prosectonon
978 1505 1046 1567 sinit
1057 1505 1191 1569 osticium
1205 1516 1357 1587 nostrum,

212 1630 272 1691 quo
289 1610 449 1690 plurimam
469 1609 550 1670 illam
563 1615 699 1688 partem,
720 1626 812 1688 quam
825 1606 864 1668 de
876 1604 982 1666 vestris
994 1604 1086 1666 rebus
1105 1606 1260 1686 capimus,
1283 1610 1355 1686 tibi,

211 1708 363 1769 carissime
383 1707 413 1768 in
427 1706 543 1768 Christo
563 1705 604 1766 fili
622 1712 734 1783 noster,
755 1709 901 1785 quantum
922 1720 1100 1782 possumus,
1122 1702 1360 1769 luculentissime-

211 1806 409 1867 declaramus.
431 1805 504 1865 Cum
518 1803 618 1884 itaque
630 1802 722 1864 Nobis
734 1802 772 1862 dc
786 1799 879 1876 bello,
894 1798 976 1879 quod
989 1797 1198 1880 impendebat,
1213 1803 1357 1884 quodque

212 1921 334 1964 omnem
356 1901 481 1964 fortasse
502 1903 653 1980 Europam
674 1900 879 1980 corripuisset,
896 1905 949 1959 tua
964 1897 1128 1978 prasertim
1147 1916 1239 1979 opera
1258 1899 1356 1963 decli-

211 2006 299 2077 nato,
314 2000 490 2079 firmataque
499 1999 563 2076 jam
579 2017 653 2079 paca
667 1997 884 2079 pulcherrimus
896 2014 991 2077 nuper
1005 1994 1112 2056 allatus
1127 2002 1208 2058 esset
1220 1999 1358 2076 nuntius,

211 2104 295 2159 tanto
315 2102 438 2177 tamque
451 2095 577 2157 mirilico
591 2096 721 2176 correpti
742 2094 852 2175 gaudio
873 2112 995 2170 sumus,
1015 2099 1128 2173 quanto
1142 2096 1254 2159 certius
1271 2101 1355 2162 aDei

209 2195 391 2275 benignitate
410 2194 577 2275 proiectum
591 2212 654 2256 esse
666 2193 696 2254 in
710 2195 770 2256 Nos
783 2193 948 2255 maximum
968 2189 1045 2268 hoc‘,
1067 2198 1156 2272 atque
1172 2193 1355 2261 immensum

210 2292 388 2355 beneficium
406 2292 609 2373 cognorimus.
634 2294 701 2355 Non
719 2292 815 2354 solum
835 2291 924 2370 igitur
945 2291 1001 2370 ipsi
1019 2296 1082 2351 tam
1098 2291 1230 2371 propitio
1245 2295 1353 2373 Nobis,

211 2391 344 2470 tantique
356 2390 428 2469 boni
440 2389 555 2451 auctori
566 2393 628 2452 Deo
637 2409 771 2452 summas
780 2390 881 2451 statim
894 2396 984 2468 atque
995 2388 1179 2449 immortales
1188 2391 1354 2469 gratiarum

208 2487 313 2549 laudes
323 2486 536 2567 persolvimus,
551 2485 603 2548 sed
614 2488 766 2566 extemplo
780 2486 819 2547 ad
830 2491 1003 2547 sanctorum
1014 2483 1173 2547 duodecim
1189 2489 1355 2568 Apostolo-

207 2604 275 2646 rum
287 2586 433 2664 templum
447 2585 647 2664 perreximus,
660 2591 694 2645 ut
711 2585 823 2645 ibidem
832 2587 925 2645 Beato
944 2583 1102 2644 Francisco
1117 2585 1281 2666 Seraphico
1296 2592 1355 2652 Pa-

208 2684 283 2745 renti
307 2688 428 2758 nostro,
450 2700 539 2759 quem
563 2699 682 2742 summa
697 2680 855 2742 devotione
878 2681 1018 2758 colimus,
1037 2682 1146 2761 cuique
1167 2692 1237 2764 post
1259 2688 1353 2749 Deum

208 2779 357 2860 precipue
376 2777 612 2839 incolumitatem
624 2784 754 2839 vestram
762 2824 770 2854 ‚
785 2780 1015 2859 Regnorumque
1035 2778 1207 2842 felicitatem
1220 2785 1357 2863 quotidie

206 2876 471 2953 commendamus,
493 2883 523 2938 et
543 2876 680 2938 debitum
698 2876 774 2956 grati
795 2876 887 2937 animi
902 2877 1093 2939 redderemus
1104 2879 1302 2961 obsequium,
1322 2893 1355 2946 et

206 2977 300 3056 magis
312 2975 411 3038 adbuc
423 2975 460 3037 ad
471 2981 560 3037 tanta
570 2978 684 3036 Domm
695 2974 808 3036 tuenda
823 2982 912 3055 atque
930 2975 1105 3037 illustranda
1118 2977 1229 3040 decora
1240 2988 1352 3045 nostrls

206 3073 461 3135 obsecrationibus
486 3072 725 3134 accenderemus.
752 3071 785 3133 ld
807 3072 869 3134 Nos
893 3071 1014 3152 quidem
1038 3075 1294 3156 cumulatissime,
1316 3098 1353 3142 ac

204 3170 363 3248 singulari,
379 3189 440 3250 quo
455 3169 553 3231 allecti
567 3188 639 3249 erga
656 3188 710 3231 vos
723 3187 844 3247 sumus,
862 3168 979 3250 paterni
992 3168 1098 3248 studii,
1116 3172 1244 3250 amoris,
1260 3182 1350 3253 atque

205 3267 367 3328 alacritatis
381 3284 469 3327 sensu
482 3266 668 3346 peregimus,
682 3284 802 3347 unaque
813 3266 985 3329 incredibile
999 3286 1070 3329 saue
1083 3276 1129 3331 est
1136 3314 1144 3346 ,
1155 3289 1216 3350 qno
1225 3270 1348 3332 laudum

205 3360 330 3422 cumulo
342 3361 436 3422 annus
449 3361 581 3440 egregias
592 3362 657 3423 illas
672 3368 739 3424 tuas
751 3363 789 3424 de
802 3382 878 3444 pace
896 3364 1090 3444 cogitationes
1101 3372 1132 3427 et
1145 3386 1231 3429 curas
1241 3387 1350 3448 prosa-

205 3456 267 3518 cuti
277 3502 285 3533 ,
304 3456 500 3536 admiratique
515 3457 655 3519 virtutem
669 3477 705 3520 ac
718 3460 896 3541 sapientiam
916 3467 1016 3537 tuam,
1031 3461 1082 3541 qui
1101 3464 1282 3543 populorum
1300 3483 1351 3527 se-

204 3553 381 3633 curitatem,
404 3573 439 3615 ac
458 3553 590 3633 quietem
603 3554 733 3618 victoriis
752 3562 783 3619 et
794 3557 953 3637 triumphis
964 3557 1122 3635 omuibus,
1142 3578 1351 3642 quoscumque

204 3663 272 3734 post
279 3673 347 3716 acre
358 3674 394 3717 ac
402 3655 581 3716 dintumum‘
589 3654 702 3718 bellum
709 3675 796 3736 agere
809 3675 942 3737 uuquam
952 3658 1123 3738 potueritis,
1132 3660 1350 3740 preferendum

205 3773 269 3814 asse
284 3755 445 3816 arbitratus
459 3755 508 3816 sis.
521 3754 650 3817 Proinde
665 3755 704 3817 ad
718 3762 907 3837 praestantem
919 3761 1020 3833 tuam,
1031 3762 1148 3836 tuaque
1159 3760 1272 3819 Domus
1286 3765 1352 3820 tan·

204 3848 242 3910 tis
255 3855 344 3910 antea
356 3851 440 3912 bellis
460 3858 577 3930 partam
597 3853 725 3932 gloriam
740 3871 805 3914 esse
819 3870 899 3913 nunc
916 3850 1027 3914 iactam
1047 3854 1221 3933 preclaram
1241 3855 1352 3934 hujus-

204 3946 286 4008 modi
299 3948 422 4027 potioris
436 3954 515 4009 certe
532 3968 566 4011 ac
579 3950 726 4013 solidioris
740 3950 841 4030 gloriae
857 3951 1057 4012 accessionem
1070 3951 1123 4013 tibi
1134 3998 1142 4029 ,
1153 3952 1307 4014 carissime
1320 3953 1352 4015 in

203 4049 320 4111 Christo
340 4049 382 4110 fili
396 4056 508 4127 noster,
521 4051 668 4129 maiorem
680 4052 710 4112 in
722 4050 848 4112 modum
858 4053 1059 4131 gratulantes,
1079 4052 1274 4133 apostolicam
1294 4054 1356 4114 bc-

203 4148 414 4226 nedictionem,
444 4167 510 4230 qua
529 4149 664 4210 omnium
686 4148 851 4210 coelestium
869 4149 1111 4211 benedictionum
1132 4150 1356 4212 incrementum

205 4242 326 4322 afferat,
341 4246 487 4325 Majestati
503 4249 588 4323 Tuae,
610 4245 709 4323 Regiis
722 4244 850 4323 Liberis,
872 4246 1075 4327 universaeque
1094 4245 1266 4309 Borbonica
1287 4249 1353 4310 Do-

203 4337 265 4397 nrni
281 4343 480 4404 amantissime
495 4341 693 4423 impertimur.
715 4343 960 4414 Deterrimum,
982 4351 1051 4420 ete„
1072 4345 1121 4403 dic
1143 4355 1179 4404 no
1196 4341 1352 4420 fabricarit

208 4445 276 4494 1771
287 4481 293 4501 ,
304 4444 494 4514 pontificatus
515 4445 611 4502 nostri
626 4458 705 4501 nuno
716 4441 855 4500 secundo.
