3194 5354
478 503 663 558 EPlSTOLAE
681 501 727 556 ET
745 503 879 557 BREVlA
896 503 1127 560 SELECTIORA.
1342 516 1377 565 63

230 613 418 672 Pentecostes
427 613 457 668 et
465 613 607 687 sequente
611 653 619 685 ,
630 607 823 668 sanctissima
830 606 1000 685 Trinitatis,
1010 608 1114 670 itidem
1126 609 1231 674 ‹liebus
1238 615 1377 696 Corporis

229 707 354 784 Christi,
374 708 404 767 S.
430 703 571 785 losepbi,
591 705 621 765 S.
643 704 768 765 loannis
786 703 939 785 Baptista,
954 703 1006 765 Β.
1028 706 1242 786 Apostolorum
1254 712 1332 773 Petri
1347 721 1378 775 gg

229 806 330 883 Pauli,
345 812 377 867 et
390 802 691 866 Commemorationis
703 800 843 863 ninnium
857 798 1057 864 Sanctorum:
1081 810 1224 882 praterea
1244 807 1378 890 quinque
1470 873 1473 878 ,

227 893 335 965 dicatis
347 903 441 964 beata
458 899 589 980 Virginis
603 898 716 977 Maria,
734 894 849 960 sciboet
864 898 1100 977 Purificationis,
1115 903 1376 983 Annuntiationis,

229 998 467 1081 Assumptionis‚
480 993 669 1073 Natiuitatis,
678 992 940 1075 etConceptionis,
954 1012 1072 1057 necnon
1083 997 1177 1058 smcti
1192 1001 1309 1079 patroni
1325 1011 1378 1064 aut

229 1097 363 1160 tutelaris
378 1095 540 1176 cuiuslibet
557 1092 636 1172 loci,
653 1111 709 1175 pro
722 1092 896 1155 hominibus
912 1092 1048 1171 ejusdem
1074 1094 1132 1155 loci
1150 1095 1322 1176 dumtaxat,
1346 1100 1377 1162 in

228 1196 337 1275 quibus
350 1195 599 1275 integramaneat
608 1191 749 1273 precepti
760 1189 919 1272 obligatio,
933 1188 964 1251 in
975 1191 1098 1272 reliquis
1106 1190 1212 1254 diebus
1221 1192 1304 1256 testis
1315 1196 1377 1257 sive

228 1310 280 1372 per
299 1292 380 1353 hanc
392 1291 535 1352 Smctam
553 1288 676 1365 Sedem,
695 1287 758 1349 sive
773 1305 828 1368 per
847 1286 1027 1351 doecesauas
1048 1288 1291 1369 constitutiones,
1314 1294 1377 1355 siro

226 1407 408 1472 quocunqne
421 1390 480 1453 alia
491 1391 529 1452 de
540 1407 632 1452 causa
643 1388 800 1469 preceptis
811 1394 878 1449 tum
891 1387 1043 1450 servilium
1059 1405 1186 1468 operum
1200 1392 1375 1453 exercitium

226 1488 414 1568 pumma,
428 1496 493 1551 tum
503 1488 542 1551 ab
551 1504 643 1550 onere
654 1485 793 1548 audiendi
805 1503 926 1548 sacrum
936 1483 1125 1567 dispensare,
1139 1487 1175 1564 si,
1188 1493 1376 1567 etquatenus

226 1585 559 1649 necessariumduxcris
570 1582 1011 1665 (superquibusconscientiam
1023 1588 1108 1644 tuam
1119 1588 1292 1663 oneramus)
1304 1605 1374 1649 auc-

226 1675 348 1747 toritate
371 1684 536 1766 apostolica
558 1683 656 1764 possis
682 1688 713 1743 et
743 1682 853 1743 valeas.
877 1681 953 1755 Quia
972 1676 1073 1742 tamen
1096 1681 1292 1744 vehementer
1316 1704 1371 1766 op-

226 1787 342 1858 tamus,
359 1789 392 1843 ut
408 1780 441 1858 ii,
462 1783 515 1862 qui
537 1779 598 1842 hoc
611 1782 742 1861 patema
761 1775 954 1857 benignitatis
966 1778 1081 1839 Nostrae
1102 1777 1284 1843 beneticimn
1305 1790 1375 1843 sunt

224 1878 454 1959 consequuturi,
479 1877 579 1958 aliquo
603 1877 743 1938 studeant
769 1881 892 1937 exmrno
916 1874 1037 1956 pietatis
1059 1890 1152 1956 opere
1175 1895 1373 1960 compensare

225 1975 371 2056 quidquid
385 1976 428 2036 ita
448 1973 538 2035 fuerit
553 1973 592 2034 ab
605 1979 728 2034 externa
749 1971 853 2034 itidem
874 1971 1048 2033 celebritate
1062 1972 1271 2054 imminutum,
1287 1994 1375 2039 com-

224 2074 374 2135 mittimus
387 2072 499 2133 idcirco
510 2071 698 2133 Fratemitati
720 2076 793 2149 tua,
808 2077 843 2133 ut
861 2069 967 2132 iisdem
989 2069 1036 2131 vel
1056 2069 1170 2151 aliquot
1185 2089 1306 2154 preces,
1325 2075 1373 2135 rel

225 2173 291 2233 alia
303 2171 468 2253 quodpiam
487 2179 646 2233 externum
658 2168 744 2252 pium
757 2170 934 2232 exercitium
955 2169 1111 2249 injungas,
1127 2170 1175 2231 cui
1190 2189 1298 2233 vacare
1317 2171 1374 2233 de-

162 2278 170 2299 ‘
224 2269 316 2330 beant
326 2269 362 2331 iis
372 2269 493 2347 diebus,
505 2268 615 2348 quibus
630 2268 790 2330 imminuta
801 2267 879 2330 festa
891 2273 1060 2329 recurrunt.
1077 2269 1215 2329 Ceterum
1226 2287 1281 2350 per
1293 2258 1373 2331 banc

224 2365 370 2428 iestomm
393 2365 511 2427 dierum
538 2364 779 2426 imminutionem
803 2383 865 2427 nou
890 2363 1073 2427 intendimus
1098 2366 1210 2448 aliquid
1237 2367 1373 2430 innovari

224 2462 305 2524 circa
315 2461 408 2523 ritum
421 2467 452 2523 et
463 2461 618 2549 servitium
630 2460 726 2540 chori,
741 2462 822 2525 circa
832 2460 1065 2525 celebrationem
1074 2462 1245 2527 divinorum
1260 2464 1373 2529 officio

224 2577 309 2635 rum,
330 2567 361 2621 et
387 2558 468 2620 circa
489 2557 704 2638 obligationem
723 2558 830 2639 jejunii
853 2559 883 2621 in
908 2559 991 2622 seriis
1011 2579 1078 2641 qua
1103 2561 1275 2642 precedunt
1297 2562 1373 2626 festa

164 2647 166 2650 ¹
226 2675 330 2719 eornm
344 2659 540 2734 Sanctorum,
565 2656 617 2737 qui
637 2653 781 2737 peculiari
794 2655 853 2718 hac
870 2657 970 2718 cultus
991 2658 1188 2739 prerogativa
1202 2659 1369 2740 potiuntur.

224 2753 309 2828 Quod
323 2754 348 2816 si
368 2753 477 2816 alicubi
492 2762 697 2835 opportunum
714 2754 835 2817 duxeris
850 2754 889 2816 ad
903 2754 1064 2818 fovendam
1078 2756 1219 2836 pietatem
1233 2763 1264 2818 et
1277 2755 1373 2818 devo⁴

223 2850 337 2913 tionem
349 2849 498 2913 Fidcl‘urm
510 2856 665 2914 externam
672 2851 905 2930 solemnitatem,
919 2852 981 2915 sive
991 2852 1116 2928 festum,
1127 2853 1210 2934 quod
1222 2852 1280 2913 tori
1291 2840 1373 2913 nun-²

223 2955 364 3028 cupatur,
380 2947 419 3009 ad
435 2946 685 3027 subsequentem,
713 2947 759 3008 vel
781 2947 874 3009 alium
894 2946 1080 3008 dominicum
1098 2946 1179 3008 diem
1192 2946 1354 3007 transferre
1361 2952 1372 3023 ,'

224 3044 268 3105 nti
282 3061 336 3123 per
348 3050 378 3105 te
390 3043 460 3119 fiat,
479 3043 605 3104 libenter
619 3043 791 3104 annuimus.
804 3043 949 3122 Cupimus
965 3049 1067 3103 autern
1080 3060 1116 3103 ac
1127 3043 1157 3102 in
1168 3043 1297 3104 Domino
1309 3062 1373 3105 ma-

222 3156 354 3220 gnopere
367 3138 536 3214 hortamur,
552 3144 586 3197 ut
596 3136 779 3199 Fraternitas
790 3143 843 3198 tna
856 3136 986 3218 populos
998 3137 1053 3199 tibi
1067 3138 1263 3217 commissos,
1279 3158 1371 3221 qrram

222 3234 384 3317 sepissime
397 3233 567 3296 edocendos
583 3238 683 3310 curet,
696 3251 762 3313 qua
772 3232 811 3294 ad
818 3233 934 3311 justam
951 3233 1177 3314 legitimamque
1188 3235 1306 3298 dierum
1316 3226 1372 3298 iesss

222 3341 323 3396 torum
340 3329 574 3394 celebrationem
590 3327 757 3411 pertinent,
772 3347 833 3409 quo
848 3328 970 3407 ardore,
985 3348 1104 3410 quaque
1117 3328 1286 3394 hurrrilitate
1305 3322 1371 3414 spiss

222 3430 296 3492 ritus
306 3429 424 3492 adnare
438 3425 628 3490 sanctissimo
639 3426 750 3489 Altaria
759 3427 922 3509 sacrificio,
933 3449 994 3510 qno
1006 3429 1118 3506 studio,
1130 3448 1191 3510 qna
1201 3431 1370 3513 frequentia

222 3527 328 3590 divinis
339 3526 460 3604 ciliciis,
476 3525 571 3588 sacris
586 3525 799 3604 concionibus,
812 3532 844 3588 et
856 3523 1029 3588 Christiane
1043 3526 1187 3590 doctrinae
1202 3527 1368 3590 institutio-

223 3625 311 3687 nibus
324 3624 466 3687 interesse
477 3623 623 3702 debcant,
636 3630 668 3686 et
686 3641 725 3684 ne
738 3641 853 3705 percos
869 3623 933 3685 dies
944 3622 1182 3685 christifidelium
1195 3622 1288 3685 corda
1302 3644 1369 3704 gra-

222 3728 327 3784 ventur
340 3722 466 3804 crapula
479 3729 509 3783 et
526 3719 688 3799 ebrietate,
703 3727 734 3782 et
747 3719 931 3782 secularibus
951 3720 1195 3801 cogitationibus,
1210 3738 1304 3801 quam
1318 3719 1368 3781 di-

222 3817 446 3898 ligentissimam
463 3835 588 3898 operam
607 3815 679 3878 dare
697 3815 822 3879 debebis
843 3823 877 3879 ut
889 3817 1016 3898 prolana
1029 3835 1169 3898 queque,
1190 3816 1326 3894 ludicra,
1339 3824 1369 3879 et

221 3915 321 3977 minus
331 3914 469 3997 religiosa
483 3912 639 3995 apublicis
651 3912 726 3976 locis
737 3919 933 3975 amoveantur
941 3937 950 3990 ;
965 3918 1070 3974 contra
1083 3930 1155 3976 vero
1165 3914 1196 3975 in
1205 3920 1369 3995 conspectu
1395 3939 1396 3947 ¹

221 4011 272 4074 illa
287 4011 363 4092 sint,
384 4011 562 4092 abundeque
579 4015 759 4091 suppetant,
777 4027 843 4090 qua
857 4005 896 4070 ad
917 4006 1078 4072 fovendam
1095 4009 1286 4073 devotionern
1302 4010 1370 4089 pie-

221 4116 375 4191 tatemque
382 4108 546 4190 plurimum
557 4106 699 4189 prodesse
706 4105 833 4187 possint.
844 4107 914 4181 Qua
924 4106 1047 4187 quidem
1060 4116 1198 4170 cunctae
1211 4115 1369 4188 perspecta

220 4206 363 4286 pastorali
378 4205 532 4287 vigilantia
540 4213 594 4268 tua
603 4205 697 4267 Nobis
707 4205 838 4266 maxime
849 4204 1025 4285 pollicentes
1039 4207 1068 4267 in
1083 4203 1243 4286 pontificia
1256 4205 1369 4268 carita-

221 4301 260 4362 tis
269 4300 377 4382 pignns
387 4302 583 4383 apostolicam
598 4301 837 4364 benedictionem
845 4302 899 4366 tibi
907 4350 916 4382 ,
930 4303 1115 4366 Venerabilis
1124 4303 1241 4380 Frater,
1251 4309 1369 4385 tuaque

221 4398 291 4462 fidei
306 4401 468 4463 commisso
487 4401 601 4482 populo
614 4399 805 4480 peramanter
820 4400 1018 4483 impertimur.
1038 4401 1148 4461 Dotem
1169 4400 1279 4474 Romo,
1296 4408 1367 4471 etc,

220 4498 271 4560 die
287 4507 303 4559 1
313 4495 465 4574 februarii
482 4510 568 4575 1770,
581 4500 772 4576 pontificatus
783 4504 966 4558 castriduno
976 4501 1083 4575 primo.
