3194 5354
236 497 272 548 ⁴8
667 490 870 547 CLEMENTlS
887 492 953 545 xlv

235 604 355 659 nostros
368 613 462 675 reges,
475 596 527 676 qui
539 595 696 657 nobiscum
705 602 776 657 sunt
785 596 817 656 in
827 595 976 657 catholica
985 596 1045 659 fide
1054 599 1221 678 conjuncti,
1233 603 1391 681 peculiare

235 701 337 755 tamen
348 693 440 772 huius
447 693 539 754 animi
550 693 643 754 nostri
653 692 869 755 documentum
880 694 1015 756 dandum
1027 713 1094 759 esse
1102 696 1312 761 existimamus
1319 700 1388 775 tibi,

232 789 286 870 qui
297 794 497 869 preterquam
509 787 592 868 quod
605 806 640 849 ex
660 788 743 867 regio
756 805 880 849 munere
898 789 975 851 tueri
987 789 1189 854 orthodoxam
1208 794 1389 875 religionem

233 886 342 962 debas,
356 885 447 963 hujus
460 884 550 946 studii
571 885 615 946 tui
629 884 822 965 perspicuum
838 884 945 947 dedisti
965 886 1172 950 testimonium
1187 890 1218 951 io
1231 899 1388 971 postremo

233 991 357 1045 senatus
367 982 510 1060 consilio,
523 1001 584 1063 quo
596 981 758 1044 avertenda
766 999 803 1043 ea
815 982 918 1044 omnia
931 982 1101 1061 decrevisti,
1109 1005 1175 1066 qua
1189 985 1278 1048 isthic
1290 988 1321 1050 io
1336 990 1388 1051 ul-

233 1080 316 1141 timis
329 1079 459 1142 comitiis
475 1080 506 1140 in
519 1077 671 1159 religionis
683 1077 896 1140 detrimentum
909 1085 977 1141 acta
990 1080 1120 1144 lucrant.
1135 1085 1234 1158 Quare
1245 1083 1321 1146 dum
1329 1104 1387 1149 ve-

232 1176 449 1240 nerabililratri
456 1177 571 1257 Angelo
579 1174 814 1256 Archiepiscopo
822 1177 983 1257 Ancyrano
989 1184 1094 1240 nostro
1106 1179 1187 1260 apud
1195 1181 1385 1259 najestatem

233 1277 331 1338 Tuam
350 1273 502 1336 ordinario
520 1273 632 1335 nuncio
651 1271 883 1334 transmittimus
904 1274 1090 1354 encyclicam
1108 1276 1268 1356 epistolam
1287 1296 1385 1359 nuper

233 1372 272 1434 ad
285 1372 439 1434 universos
458 1369 612 1432 christiani
625 1370 707 1431 orbis
728 1369 886 1450 episcopos
901 1370 1117 1453 perscriptam,
1132 1372 1162 1434 in
1179 1392 1241 1455 qua
1259 1374 1384 1438 eosdem

229 1471 394 1553 prasertim
408 1470 578 1545 hortamur,
591 1475 625 1529 ut
635 1467 765 1549 populos
778 1465 817 1529 ad
830 1485 936 1547 regum
951 1486 1076 1530 suorum
1086 1469 1201 1532 cultum
1212 1478 1303 1554 atque
1312 1473 1385 1536 ohe·

231 1567 376 1630 dientiam
389 1566 546 1646 diligenter
559 1564 707 1643 excitent,
721 1583 757 1628 ac
768 1564 842 1626 dum
857 1565 913 1646 ipsi
932 1566 1167 1647 committimus,
1182 1576 1216 1631 ut
1231 1588 1301 1632 eam
1312 1571 1385 1632 uni-

231 1667 324 1730 versis
335 1666 421 1727 iatius
435 1663 518 1743 regui
530 1663 679 1744 episcopis
692 1662 730 1724 de
744 1681 829 1725 more
845 1662 1016 1741 distribuat,
1033 1682 1094 1726 una
1103 1664 1197 1728 etiam
1216 1666 1385 1730 accuratis-

231 1765 306 1825 sime
319 1761 510 1837 mandamus,
523 1767 557 1822 ut
568 1778 621 1822 eos
632 1777 737 1822 omnes
749 1779 806 1840 pro
820 1780 876 1823 suo
888 1779 1013 1823 munere
1029 1761 1067 1824 ad
1079 1763 1297 1827 consulendum
1311 1783 1384 1827 curn

231 1860 303 1937 tuis,
313 1865 379 1921 tum
388 1857 540 1937 religionis
552 1856 645 1937 ipsius
656 1856 824 1918 rationibus
837 1857 1014 1921 inflammet.
1023 1858 1110 1934 Quod
1121 1861 1177 1922 tibi
1187 1862 1337 1942 precipue
1350 1870 1384 1925 et

229 1962 351 2037 gratum
363 1962 394 2018 et
407 1961 611 2036 opportunum
625 1952 690 2015 lore
699 1952 881 2033 judicamus,
896 1954 938 2016 ita
950 1955 1031 2016 enim
1046 1956 1163 2038 inclyta
1177 1963 1236 2021 tua
1250 1959 1385 2023 nationis

231 2054 323 2117 animi
335 2071 414 2116 novo
427 2052 486 2113 hoc
496 2050 617 2114 stimulo
632 2048 729 2129 magis
742 2049 863 2111 excitati
876 2056 976 2111 tecum
989 2051 1101 2114 arctius
1110 2053 1331 2134 conjungentur
1343 2056 1384 2117 ad

230 2153 369 2213 luctuosa
384 2149 436 2211 illa
449 2147 553 2210 omnia
565 2145 733 2227 reparanda
753 2145 880 2220 damna,
892 2165 957 2227 qum
971 2164 1007 2208 ex
1021 2146 1172 2211 dictcmm
1187 2148 1383 2214 comitiorum

231 2249 305 2311 actis
314 2265 435 2310 summo
449 2244 586 2307 omnium
598 2243 750 2305 bonomm
770 2242 874 2306 dolore
888 2242 919 2305 in
932 2244 1133 2308 orthodoxam
1146 2246 1323 2327 religionem
1337 2269 1383 2313 re·

230 2344 414 2407 dundamnt.
426 2341 505 2404 Certi
520 2340 643 2422 quidem
651 2340 713 2401 Nos
725 2358 830 2402 sumus
841 2347 946 2403 nostro
955 2341 1026 2404 huic
1039 2342 1139 2405 studio
1152 2342 1382 2425 diligentissime

231 2457 446 2520 responsurum
472 2456 537 2498 esse
557 2437 655 2517 ipsum
680 2443 816 2498 nostmm
837 2437 994 2514 nuntium;
1014 2456 1070 2500 nec
1093 2439 1284 2520 dubitamus,
1308 2443 1381 2524 quin

231 2553 338 2598 omnes
351 2535 435 2614 regni
450 2532 537 2597 istius
555 2532 689 2613 episcopi
703 2533 759 2594 etsi
773 2551 830 2594 sua
843 2541 950 2615 sponte
965 2535 1037 2598 satis
1054 2537 1212 2618 propensi,
1225 2539 1383 2620 proposito

233 2643 336 2697 tamen
353 2631 507 2694 catholica
520 2630 670 2710 religionis
688 2629 832 2709 utilitate,
847 2637 878 2692 et
891 2640 995 2695 nostro
1010 2633 1082 2697 huic
1093 2643 1298 2699 consentaneo
1311 2655 1382 2719 erga

231 2738 262 2794 te
278 2729 379 2792 studio
391 2728 487 2807 magis
499 2726 656 2807 magisque
666 2725 878 2788 accendantur.
892 2728 978 2802 Quod
987 2729 1137 2811 reliquum
1149 2734 1300 2796 estham
1309 2735 1379 2816 Oph

231 2829 311 2890 Μαι.
328 2826 533 2903 obsecramus,
549 2831 583 2886 ut
593 2823 778 2885 voluntatem
795 2830 880 2886 tuam
896 2824 935 2887 ad
949 2827 1085 2906 ejusdem
1097 2828 1225 2910 gloriam
1233 2830 1378 2912 regnique

229 2926 274 2988 tui
295 2924 534 2988 incolmnitatem
551 2939 728 2985 conversam
751 2927 848 2983 ratam
869 2921 932 3003 ipse
954 2922 1043 3003 laxit,
1066 2943 1102 2986 ac
1121 2925 1257 3006 ejusdem
1277 2928 1381 3008 gratia

229 3024 399 3106 auspicem,
411 3028 579 3102 nostraque
598 3018 758 3101 singularis
775 3025 889 3100 ergata
908 3021 1041 3083 caritatis
1056 3022 1163 3103 pignus
1182 3023 1381 3104 apostolicam

230 3119 470 3182 benedictionem
490 3117 637 3197 Maiestati
650 3118 722 3179 'ltro
743 3116 950 3180 amantissime
971 3118 1172 3200 impertimur.
1190 3122 1305 3182 Dmam
1318 3123 1382 3184 Ilo-

228 3233 298 3286 mo,
311 3221 380 3291 etc,
395 3216 446 3276 die
463 3216 674 3278 eademnam
690 3225 778 3291 llos,
788 3219 982 3295 pontificatur
995 3223 1093 3280 nostrl
1105 3236 1187 3281 onoc
1194 3222 1305 3298 mmo.

720 3345 897 3359 m

741 3447 869 3519 XLVII.

669 3603 816 3646 ornacula
838 3605 941 3647 mus

447 3706 634 3768 hssOEAELl
657 3706 851 3768 D’ANDREA
872 3710 1158 3785 Gunnnnnuonn

363 3823 401 3870 ar
425 3823 658 3874 coumammus
681 3825 955 3875 concnnmmoms
980 3829 1075 3877 nuum
1100 3829 1244 3890 alanum,

383 3928 491 3976 runco
506 3930 702 3979 uuucumrn
718 3930 751 3978 m
767 3931 917 3980 mennam
933 3933 991 3982 sun
1006 3935 1217 3984 mvccruonu

301 4033 427 4082 smera
444 4035 731 4085 uan1nsuccunna
747 4037 872 4085 msams
889 4037 1046 4088 crvrmns
1063 4038 1299 4097 normannum,

500 4140 759 4258 annuens
804 4145 946 4222 rnna
987 4145 1098 4222 xlv,

937 4298 1031 4358 Roma,
1044 4304 1073 4349 2³
1084 4297 1217 4346 decembris
1231 4299 1300 4346 1769.

271 4378 396 4456 Diteett,
412 4395 469 4447 etc.
494 4388 570 4446 Dum
584 4384 836 4465 predecessorum
849 4399 1019 4454 nostrorum
1032 4393 1118 4455 datas
1131 4393 1326 4472 jamdudum
1341 4396 1382 4459 ad

227 4494 283 4537 vos
292 4476 404 4546 litteras
417 4482 638 4564 perlegeremus
645 4529 653 4561 ,
663 4484 773 4565 quibus
783 4503 837 4549 sua
851 4487 890 4548 illi
903 4488 932 4550 in
944 4510 997 4552 uos
1008 4510 1064 4571 pro
1076 4499 1174 4553 vestra
1183 4492 1298 4558 pietate
1308 4511 1382 4557 con·
