3194 5354
239 484 245 495 ’
363 489 546 543 EPlSTOLAE
564 487 609 542 ET
628 487 760 542 naevis
777 486 1011 542 SELECTlORA.
1226 494 1261 544 st

115 594 227 654 simum
241 592 317 653 sacri
326 591 444 652 decoris
456 591 495 652 sd
506 610 574 653 earn
581 592 785 671 celebritatem
792 591 929 668 accedet,
939 599 969 652 et
978 593 1038 653 Nos
1048 591 1102 671 ipsi
1111 593 1261 654 immense

116 700 224 755 nostm
240 693 272 752 in
290 709 358 752 eam
378 697 508 770 paterna
521 690 639 751 caritati
658 689 856 769 obsequentes
874 690 1018 749 interesse
1031 689 1211 765 ridebimur,
1227 709 1262 750 ac

116 787 341 850 dilectissimam
357 786 388 847 iu
399 786 516 848 Cbristo
530 786 623 847 liliam
637 792 772 847 nostram
787 784 826 846 ad
838 784 1019 846 castissimas
1031 784 1131 864 sponsi
1142 785 1261 846 Domini

115 889 237 970 nuptias
256 893 468 968 properantem
481 886 618 948 comitari
639 884 864 965 quodammodo
881 901 916 944 ac
934 882 1094 944 deducere.
1112 883 1261 944 Enmdem

117 987 219 1066 itaque
229 985 268 1047 ad
281 984 312 1046 id
322 984 421 1065 ipsum
432 983 543 1045 nostris
555 982 585 1044 ia
596 982 694 1044 torma
705 983 807 1043 Brevis
819 981 925 1041 litteris
938 979 1105 1060 specialiter
1116 978 1262 1058 deputare

116 1102 152 1145 ac
165 1083 315 1145 destinare
329 1082 496 1157 voluimus,
512 1081 595 1162 quod
608 1082 664 1142 etsi
682 1089 801 1160 gratnm
822 1079 894 1155 tibi,
917 1076 1075 1139 carissime
1093 1075 1125 1137 in
1145 1075 1262 1137 Christe

115 1182 156 1242 lili
173 1187 288 1258 noster,
301 1189 519 1262 acceptumque
535 1180 599 1241 iore
611 1197 672 1242 non
683 1179 871 1250 dubitemus,
887 1185 987 1238 tamen
1000 1195 1018 1236 a
1029 1183 1059 1235 te
1071 1174 1261 1235 vehementer

114 1278 245 1358 petimus
263 1297 299 1340 nc
312 1296 470 1358 rogamus,
489 1284 524 1339 ut
535 1277 612 1338 bane
624 1277 715 1338 etiarn
730 1278 809 1337 ultro
826 1296 861 1337 ac
873 1277 999 1336 libenter
1012 1275 1083 1336 velis
1097 1276 1262 1336 maximam

115 1382 204 1455 atque
224 1374 374 1453 egregiam
389 1374 428 1435 ad
449 1374 582 1436 letitiam
603 1381 737 1435 nostram
752 1373 921 1451 augendam
938 1373 1085 1434 rationem
1106 1371 1260 1434 accedere.

114 1471 198 1545 Quod
212 1470 335 1551 quidem
349 1470 490 1532 libentius
506 1469 616 1547 facies,
629 1470 653 1531 si
668 1470 722 1533 tibi
742 1469 943 1549 persuaseris,
962 1468 1108 1549 quidquid
1124 1468 1160 1529 'id
1172 1476 1217 1529 est
1231 1469 1261 1529 in
1295 1519 1299 1527 .

114 1568 205 1630 Nobis
215 1567 414 1646 Jucunditstis
426 1586 462 1629 ac
477 1567 593 1646 gaudii,
609 1587 647 1628 ex
658 1585 778 1629 summo
789 1566 840 1627 illo
854 1573 945 1645 atque
957 1563 1139 1641 incredibili,
1157 1565 1261 1649 quoin

113 1666 299 1742 Maiestatem
308 1666 404 1726 Tuam
414 1670 569 1744 totamque
582 1664 696 1743 regiam
706 1665 837 1724 Domum
848 1680 968 1738 snmus,
984 1660 1085 1724 studio
1095 1666 1124 1721 et
1138 1660 1262 1721 caritate

113 1761 272 1841 proticisci.
285 1763 318 1822 ln
326 1761 412 1839 cujus
421 1760 704 1841 pignusdivinarum
712 1759 954 1826 benedictionum
962 1757 1098 1820 omnium
1108 1757 1261 1837 auspicem

114 1858 311 1937 apostolicam
320 1857 558 1920 benedictionem
569 1859 666 1938 Regia
676 1857 824 1936 Maiestati
835 1859 916 1933 Tne,
929 1857 1047 1936 tuisque
1057 1855 1262 1919 liberisomni-

48 1984 54 1996 ·
114 1954 172 2016 bus
181 1973 217 2016 ac
229 1955 393 2035 prasertim
402 1955 572 2016 communis
588 1955 678 2034 hujus
688 1963 796 2017 nostra
801 1956 999 2032 jucunditatis
1010 1955 1142 2019 auctrici
1156 1955 1261 2017 intimo

111 2054 229 2135 paterni
251 2051 352 2113 cordis
373 2071 462 2114 sensu
478 2053 680 2115 amantissime
703 2053 903 2133 impertimur.
926 2055 1040 2114 Datum
1060 2055 1171 2123 Romae,
1187 2061 1260 2124 etc,

112 2154 161 2213 dte
179 2152 297 2227 rsjulii
313 2161 406 2226 1⁷70,
422 2154 717 2229 pontifientusnostri
728 2171 810 2213 nnnc
820 2153 959 2214 secundo.

595 2378 772 2447 LXXXIX.

518 2535 708 2577 vsnsusnlu
732 2535 846 2577 ruerat

260 2641 513 2703 nennsnnlno
532 2634 837 2703 neefflnerscor'o
857 2643 1108 2716 DAMASCENO‚

109 2767 232 2816 nosrno
253 2769 291 2816 ur
307 2768 508 2816 srosrorrua
523 2760 609 2816 suun
625 2767 667 2814 su
687 2765 985 2815 cnnnrnnrssnrun
1002 2768 1108 2815 arnan
1126 2769 1257 2830 nunno,

418 2871 652 2948 CLEMENS
680 2872 808 2947 ΡΑΡΑ
836 2869 941 2946 XIV.

890 3023 984 3080 Romae,
1000 3027 1027 3069 ts
1039 3021 1092 3079 julii
1109 3025 1177 3071 1770.

154 3127 356 3196 Venerabilis,
372 3135 428 3188 etc.
447 3126 593 3188 Certiores
607 3126 677 3187 lacti
701 3144 805 3187 sumus
816 3143 884 3186 earn
898 3144 963 3188 esse
977 3128 1007 3186 in
1022 3127 1214 3191 dilectissima
1227 3132 1256 3192 in

107 3223 225 3283 Christo
237 3222 297 3283 lilia
313 3230 416 3284 nostra
427 3223 549 3304 Aloysia
559 3224 655 3285 Maria
666 3223 758 3302 Regia
767 3223 930 3284 Galliarum
940 3223 1120 3304 Principissa
1136 3225 1255 3289 ineundi

109 3319 250 3399 religiosa
263 3320 330 3380 vita
351 3328 447 3382 status
468 3321 684 3401 cupiditatem,
706 3327 739 3381 ut
757 3319 871 3381 nullam
890 3320 1018 3401 amplius
1039 3339 1157 3384 moram
1179 3323 1256 3385 serre

107 3416 200 3495 possit
214 3417 356 3479 induendi
373 3436 492 3479 sacrum
506 3418 644 3479 habiturn
658 3418 807 3498 virgiuum
819 3418 1047 3480 Carmelitarum
1063 3421 1256 3484 excalceato-

108 3532 174 3574 rum
194 3515 365 3575 monasterii
381 3516 412 3575 S.
432 3515 582 3594 Dionysii,
598 3532 694 3595 neque
709 3515 741 3576 id
760 3523 917 3595 expectare
930 3523 1048 3595 tempus
1067 3517 1152 3590 velit,
1172 3518 1255 3596 quod

107 3610 235 3672 eundem
256 3611 393 3672 ordinem
416 3612 646 3691 ingredientium
668 3632 739 3674 usus
762 3613 911 3693 postulat,
936 3631 971 3673 ac
989 3620 1149 3692 propterea
1172 3614 1252 3675 brevi

15 3707 23 3719 ‘
109 3697 188 3783 iore,
200 3715 233 3769 ut
248 3709 332 3770 illurn
353 3730 370 3769 a
387 3717 416 3770 tc
438 3711 476 3771 sit
491 3710 644 3786 babitum,
659 3710 843 3771 Venerabilis
859 3712 973 3786 Frater,
988 3710 1039 3789 qui
1052 3716 1154 3771 noster
1167 3711 1254 3773 isthic

106 3813 181 3866 eset
204 3807 372 3886 apostolica
390 3806 474 3867 Sedis
495 3808 636 3882 nuncius,
651 3815 681 3868 et
694 3807 828 3885 eiusdem
851 3807 942 3866 etiarn
964 3807 1154 3870 Carmelitaui
1169 3809 1254 3871 ordi-

107 3903 152 3963 nis
172 3904 307 3983 superior
320 3923 376 3984 pro
388 3904 520 3967 uberiori
540 3906 631 3968 animi
651 3907 697 3968 sui
720 3907 830 3986 pietate
848 3925 883 3967 ac
903 3907 1061 3970 devotione
1083 3918 1250 3989 receptura.

106 3998 220 4072 Quibus
234 3999 284 4060 illa
306 4000 395 4062 rebus
417 4002 566 4079 majorem
586 4001 615 4062 in
631 4000 755 4063 snodinn
770 4000 928 4062 confirmat
945 4002 1053 4078 Nobis,
1072 4022 1132 4082 quo
1148 4011 1253 4081 agatur

107 4100 243 4179 spiritns,
258 4118 377 4181 quaque
392 4101 501 4161 virtute
520 4120 555 4161 ac
574 4101 720 4181 sapientia
742 4101 857 4160 imbuta
872 4101 921 4177 sit,
942 4100 1016 4162 dum
1031 4109 1093 4161 tarn
1112 4100 1253 4160 testinan-

107 4205 162 4272 ter,
181 4205 244 4258 tarn
262 4196 382 4277 cupide,
403 4205 465 4259 tam
486 4198 623 4260 alacriter
641 4199 748 4278 regalis
768 4200 860 4275 aulae,
876 4200 905 4260 in
919 4218 979 4278 qua
996 4207 1066 4260 nata
1088 4207 1177 4276 atque
1193 4203 1252 4262 alta

105 4296 167 4366 est,
181 4291 385 4371 splendorem,
406 4311 479 4373 opes
497 4301 529 4354 et
544 4293 705 4355 commoda
718 4312 789 4354 cnm
806 4295 972 4356 claustralis
992 4295 1057 4353 vita
1077 4295 1252 4357 austeritate

105 4389 334 4471 humilitateque
342 4391 697 4470 commutatllocitaqne
704 4391 969 4452 sanctissimiillius
977 4391 1250 4470 propositiillustri,

105 4506 140 4550 ae
155 4488 194 4549 ab
203 4487 285 4550 omni
297 4488 471 4568 posteritate
484 4488 680 4549 memorando
692 4490 829 4567 exemplo
842 4489 883 4549 ita
894 4488 973 4567 capti
987 4489 1047 4549 Nos
1059 4495 1147 4568 atque
1162 4489 1256 4551 illecti*

1128 4600 1143 4648 7
