3194 5354
320 511 373 564 tlt
750 504 957 562 OEEMENTlli
975 506 1041 563 xli

317 615 393 675 Cum
407 619 509 674 auum
523 611 570 674 lris
581 613 747 693 prasertim
759 612 946 693 temporibus
959 612 1046 674 valde
1063 613 1255 693 periculosis,
1271 615 1409 695 planus
1423 619 1474 680 lo-

317 710 374 785 cis,
392 716 423 771 et
440 708 521 791 apud
534 709 633 772 varios
646 711 798 791 Prmcipes
813 713 959 791 (warum
972 718 1073 774 tamen
1084 728 1235 785 amorosa,
1247 720 1279 774 et
1289 714 1472 781 charitatem

316 813 426 870 mactra
434 807 586 869 memoria
600 809 690 870 Pater
701 810 834 888 {gnatius
843 807 1080 870 conservandam
1091 807 1129 870 sd
1141 809 1278 871 diriuum
1289 811 1472 893 obsequium

317 905 464 985 pertinere
475 904 610 984 putarit)
622 905 791 984 aliquorum
805 903 932 966 tortasse
944 905 1051 986 culpa,
1063 910 1097 966 et
1108 905 1155 966 tel
1165 906 1346 986 ambitione,
1363 911 1411 973 rel
1426 912 1473 974 in-

316 1001 447 1064 discreto
455 1001 519 1063 nelo
528 1001 643 1082 Religio
653 1007 757 1063 nostra
767 1000 846 1062 male
857 1000 976 1079 audin,
988 1000 1161 1083 etalioquin
1168 1002 1266 1066 bonus
1273 1005 1381 1069 (luridi
1392 1009 1473 1071 odor

316 1101 503 1163 omasum
513 1099 552 1162 sit
561 1099 600 1162 ad
609 1098 869 1176 fructificandum
883 1098 1000 1161 censuit
1012 1099 1211 1179 congregatio
1222 1101 1262 1162 ab
1274 1104 1356 1165 corni
1366 1106 1471 1186 specie

316 1198 387 1259 mali
405 1197 616 1260 abstinendum
631 1213 714 1275 esse,
738 1203 770 1259 et
791 1196 940 1278 quercla,
957 1196 1059 1278 quoad
1080 1197 1145 1258 lieri
1169 1199 1293 1279 poterit,
1312 1200 1406 1263 etiam
1426 1222 1467 1266 ex

316 1294 398 1356 taleis
406 1293 626 1377 suspicionibus
638 1294 894 1376 provenientibus,
905 1293 1135 1356 occurrendum.
1148 1296 1247 1369 Quare
1259 1299 1394 1376 prasenti
1409 1299 1470 1360 ‹le-

314 1400 398 1456 creto
411 1394 552 1474 gravitm,
571 1399 602 1455 et
615 1409 717 1455 savem
733 1391 843 1454 nostris
856 1391 996 1452 omnibus
1017 1389 1183 1468 interdicit,
1198 1410 1237 1453 ne
1250 1392 1281 1453 in
1294 1393 1468 1472 hujusmodi

315 1493 442 1574 publicis
449 1493 576 1574 negotiis
585 1538 593 1570 ‚
603 1494 694 1556 etiam
707 1489 840 1569 invitatl,
853 1498 906 1554 aut
917 1491 1016 1554 allecti
1027 1491 1088 1553 ulla
1097 1492 1213 1553 ratione
1223 1510 1255 1554 se
1266 1494 1467 1565 immisceant.

314 1607 370 1651 nec
389 1589 455 1653 uilis
472 1591 630 1672 precibus,
646 1588 898 1651 catenationibus
915 1587 955 1649 ab
965 1588 1102 1649 instituto
1112 1587 1283 1651 deflectant.
1299 1590 1337 1651 lit
1351 1599 1469 1670 prote-

314 1700 366 1747 rea
381 1686 491 1767 quibus
512 1685 732 1749 efficacioribus
750 1684 890 1746 remediis
907 1684 1032 1745 omnino
1043 1681 1114 1746 huic
1133 1686 1262 1765 morbo,
1274 1686 1369 1748 sicubi
1384 1706 1467 1768 opus

314 1783 369 1859 sit,
382 1784 531 1846 medicina
545 1784 734 1861 adhibeatur,
753 1781 890 1865 patribus
908 1782 1120 1845 Definitoribus
1140 1795 1280 1848 accurate
1297 1785 1469 1849 decernen-

313 1877 405 1957 dum,
417 1885 449 1940 et
458 1879 661 1942 manendum
677 1879 911 1941 commendavit.

354 1987 403 2037 ar.
416 1976 548 2039 Maximo
561 1994 633 2040 sane
647 1977 738 2040 animi
753 1977 847 2039 nostri
857 1976 961 2038 dolore
973 1973 1217 2054 observavimus,
1228 1984 1291 2039 tam
1302 1977 1464 2057 prodicta,

310 2091 405 2154 quam
425 2074 484 2136 alia
500 2075 658 2156 complura
680 2073 823 2155 deinceps
841 2073 976 2135 adhibita
994 2073 1128 2136 remedia
1150 2074 1224 2136 nihil
1238 2074 1331 2136 terme
1347 2074 1470 2142 virtutis

312 2189 373 2252 praa
389 2191 420 2234 se
432 2172 550 2252 tulisse,
569 2179 600 2234 et
616 2172 803 2235 auctoritatis
821 2170 860 2233 ad
872 2178 918 2233 tot
926 2216 935 2248 ‚
957 2189 993 2232 ac
1007 2177 1107 2232 tantan
1130 2171 1299 2233 evellendas
1312 2172 1469 2255 dissipan-

312 2268 427 2349 dasque
439 2270 559 2346 turbas,
575 2268 795 2346 accusationes,
811 2275 843 2330 et
856 2267 1059 2349 querimonias
1070 2268 1100 2328 in
1112 2287 1190 2349 sape
1201 2268 1314 2331 dictam
1328 2272 1468 2336 Societa-

312 2373 392 2444 tem,
403 2367 573 2448 lmstraque
587 2367 625 2429 ad
639 2367 670 2429 id
683 2368 836 2430 laborasse
847 2373 972 2428 cereos
982 2364 1217 2427 Praoeoessores
1230 2374 1350 2429 nostros
1364 2369 1469 2431 Urba-

312 2483 386 2527 num
399 2469 478 2544 vill,
499 2468 681 2529 Clementem
700 2469 752 2544 IX,
768 2467 805 2544 X,
819 2468 859 2528 XI
871 2473 902 2527 et
912 2466 978 2541 Xll,
991 2464 1194 2527 Alexandrum
1210 2468 1264 2527 Vll
1274 2474 1306 2528 et
1319 2470 1398 2544 Vlll,
1413 2472 1468 2532 ln-

312 2563 486 2624 nooentium
502 2565 540 2639 X,
556 2564 850 2642 x1‚x11etxl11,et
869 2561 1065 2624 Benedictum
1080 2564 1158 2624 XIV.
1176 2565 1229 2642 qui
1243 2565 1467 2645 optatissimam

312 2659 411 2719 conati
426 2665 495 2719 sunt
508 2661 648 2720 Ecclesia
667 2661 824 2722 restituere
843 2660 1092 2741 tranquillitatem
1108 2661 1242 2742 plurimis
1256 2662 1467 2727 saluberrimis

311 2753 399 2817 editis
411 2755 694 2836 demutationibus,
707 2764 770 2818 tam
783 2758 863 2820 circa
873 2759 1026 2821 milano
1040 2760 1174 2841 negotia,
1186 2760 1248 2822 siva
1262 2766 1347 2822 exue
1358 2780 1467 2828 sacras

243 2899 244 2902 ,
311 2850 483 2928 llissionea,
498 2851 561 2914 sive
576 2869 681 2916 earnm
692 2853 850 2917 occasione
864 2855 988 2918 minime
1003 2855 1170 2918 exercenda
1180 2900 1188 2933 ,
1199 2873 1293 2936 quant
1305 2856 1387 2921 circa
1398 2860 1468 2924 dis-

311 2948 386 3016 sidia
402 2949 594 3030 munimime,
613 2969 650 3013 ac
664 2952 764 3032 jurgia
782 2952 924 3015 adversus
935 2957 1084 3017 locorum
1104 2952 1290 3033 ordinarios,
1310 2957 1467 3036 regulares

310 3045 436 3111 &dinan
444 3095 453 3127 ,
466 3051 548 3112 Loca
559 3049 625 3132 pia,
648 3058 738 3132 atque
754 3051 991 3114 communitates
1001 3051 1133 3131 minaris
1146 3051 1264 3131 generis
1276 3052 1307 3113 in
1321 3055 1464 3137 Europa,

311 3149 400 3226 dala,
420 3154 451 3211 et
463 3148 618 3226 America,
634 3167 695 3212 non
712 3150 776 3212 sine
794 3150 904 3230 ingenti
918 3150 1087 3212 animarum
1101 3152 1207 3227 mina,
1221 3168 1258 3212 ac
1276 3153 1463 3231 populorum

311 3245 508 3308 admiratione
528 3248 707 3309 aSocietate
722 3249 830 3310 acriter
846 3248 993 3323 excitata3
1012 3253 1078 3308 tum
1090 3247 1182 3308 etiam
1199 3263 1292 3328 super
1310 3248 1464 3330 interpre-

311 3345 441 3422 tatione,
456 3352 488 3407 et
498 3345 583 3426 prasi
603 3346 801 3408 Ethnicorum
823 3345 1025 3426 quorumdam
1042 3345 1154 3407 rituum
1173 3343 1323 3424 aliquibus
1336 3346 1366 3406 in
1385 3346 1462 3410 locis

309 3442 421 3523 passim
441 3442 589 3519 adhibita,
613 3443 732 3510 omissis
760 3441 813 3520 iis,
832 3442 884 3523 qui
907 3442 946 3503 ab
963 3440 1125 3503 Universali
1152 3440 1288 3503 Ecclesia
1310 3448 1382 3503 sunt
1401 3444 1461 3505 rito

309 3541 448 3622 probati3
467 3542 513 3604 vel
531 3559 621 3623 super
632 3560 735 3603 earum
749 3540 966 3603 sententiarum
979 3556 1052 3616 usu,
1067 3545 1098 3600 at
1109 3538 1367 3620 interpretatione,
1381 3559 1461 3620 quas

309 3638 482 3717 Apostolica
497 3638 589 3701 Sedes
598 3644 743 3720 tanquam
754 3637 945 3700 scandalosas
955 3680 963 3715 ,
975 3635 1158 3718 optimaque
1168 3637 1462 3717 morumdisciplinra

308 3734 466 3796 manifeste
490 3734 595 3805 noxias
610 3737 719 3804 merito
740 3735 916 3818 proscripsit
922 3758 931 3812 ;
957 3735 1005 3796 vel
1028 3733 1093 3797 aliis
1112 3734 1237 3797 demum
1257 3755 1346 3817 super
1366 3737 1463 3801 rebus

308 3831 429 3896 maximi
441 3833 579 3912 equidem
590 3832 753 3910 momenti,
765 3831 843 3892 etad
855 3830 1090 3893 Christianorum
1102 3830 1278 3910 dogmatum
1291 3831 1460 3912 puritatem

307 3935 420 3992 sartam
435 3935 545 3992 motam
563 3931 742 3992 servandam
765 3929 901 4011 apprime
923 3928 1112 4006 necessariis,
1128 3936 1160 3991 et
1172 3949 1209 3991 cx
1230 3931 1341 4011 quibus
1354 3939 1460 3994 nosue

307 4027 364 4089 bac
380 4046 440 4090 non
460 4028 576 4104 minus,
602 4047 695 4108 quam
715 4028 862 4107 superiori
883 4034 971 4091 atate
995 4026 1124 4108 plurima
1147 4027 1341 4089 dimanarunt
1361 4028 1460 4090 detri-

307 4133 425 4203 menta,
438 4130 469 4186 et
484 4122 676 4195 incommoda
684 4147 693 4199 ;
708 4122 951 4204 perturbationes
963 4122 1108 4185 nimirum
1125 4142 1161 4184 ac
1174 4124 1322 4185 tumultus
1336 4124 1365 4184 in
1384 4143 1460 4186 nou-

306 4222 394 4283 nullis
420 4221 581 4288 Catholicis
602 4220 794 4300 regionibus5
815 4220 953 4289 Ecclesiae
975 4220 1201 4301 persecutiones
1221 4221 1252 4282 in
1272 4220 1459 4302 quibusdam

305 4316 382 4378 Asta
392 4364 400 4393 ,
412 4325 442 4379 et
456 4321 583 4399 Europa
596 4317 772 4399 pmrinciis3
785 4317 889 4399 ingens
897 4318 1026 4399 denique
1041 4319 1149 4381 allatus
1159 4324 1204 4380 est
1214 4337 1325 4381 moeror
1335 4319 1458 4380 Prode-

305 4414 472 4477 cessorilrus
482 4415 607 4492 nostris,
620 4422 651 4477 et
662 4416 692 4476 in
704 4415 750 4476 his
761 4417 816 4496 piar
825 4415 976 4477 memoria
989 4414 1162 4477 maurentio
1174 4417 1262 4494 Papa
1274 4416 1326 4475 Xl.
1336 4415 1390 4494 qui
1400 4433 1458 4477 ne-

306 4512 442 4574 cessitate
460 4514 632 4594 compulsus
644 4531 682 4574 co
700 4512 818 4581 devenit
828 4558 836 4590 ,
855 4518 889 4580 nt
909 4512 1049 4577 societati
1064 4511 1248 4580 interdixerit
1267 4509 1396 4576 novitios
1416 4509 1462 4575 ad
