3194 5354
759 453 964 509 caunensis
984 453 1050 507 xrv

873 603 937 673 Cll.

589 752 753 794 cauissruc
776 752 809 793 ru
833 751 967 793 cnnrsro
990 750 1072 791 artic
1096 750 1211 792 sosrno

433 854 631 915 nuuovlco
652 854 894 915 FRANCORUM
915 854 1006 914 REGI
1029 853 1393 927 cunlsunntsstno·

636 975 872 1053 CLEMENS
899 977 1028 1053 ΡΑΡΑ
1056 975 1162 1051 XIV.

1035 1129 1132 1188 Romae,
1144 1133 1174 1176 to
1185 1127 1327 1190 septembris
1343 1132 1412 1179 1770.

364 1235 544 1303 anamma,
560 1238 618 1293 etc.
634 1233 696 1294 Etsi
719 1233 845 1295 libenter
858 1235 1047 1312 Maiestatem
1060 1235 1157 1296 Tuam
1174 1250 1317 1313 rogamus
1338 1232 1375 1294 de
1395 1235 1479 1315 regio

324 1337 377 1391 tuo
390 1329 529 1391 Ecclesia
542 1329 635 1392 Nobis
650 1332 817 1394 commissa
830 1333 999 1413 prestando
1009 1333 1178 1414 patrocinio
1192 1350 1264 1394 cum
1274 1331 1409 1412 ejusdem
1423 1354 1478 1396 ra-

323 1428 418 1489 tiones
437 1428 590 1508 postulare
610 1428 641 1489 id
657 1428 806 1508 videntur,
829 1430 925 1492 multo
939 1437 1039 1492 tamen
1060 1430 1201 1492 libentius
1214 1429 1326 1510 gratias
1340 1430 1474 1511 agimus,

322 1543 393 1586 curn
412 1524 580 1605 praestantis
594 1524 685 1586 animi
698 1525 743 1587 tui
757 1526 857 1588 studia
875 1527 946 1589 illuc
956 1527 1074 1606 egregie
1085 1546 1230 1589 conversa
1243 1533 1274 1588 et
1287 1527 1397 1589 collata
1409 1545 1475 1589 esse

323 1618 485 1681 intuemur.
500 1621 533 1681 ld
543 1639 638 1701 nuper
650 1640 668 1683 a
680 1627 725 1698 te,
747 1623 901 1686 carissime
912 1624 943 1685 in
959 1624 1077 1686 Christo
1092 1623 1133 1685 tili
1147 1630 1261 1702 noster,
1281 1622 1395 1686 sactum
1409 1642 1473 1686 esse

322 1717 530 1777 maximarum
538 1717 690 1797 voluptate
699 1722 915 1799 perspeximus.
924 1721 998 1782 Cum
1004 1720 1085 1781 enim
1092 1720 1318 1803 opportunitate
1327 1720 1473 1801 temporis

323 1813 384 1890 usi,
406 1833 467 1893 quo
486 1815 668 1877 venerabiles
687 1815 795 1879 iratres
819 1817 919 1879 Galliae
936 1817 1069 1898 episcopi
1093 1818 1122 1878 in
1146 1817 1276 1879 comitiis
1300 1817 1471 1896 cougregati

322 1919 454 1975 statuere
464 1914 575 1995 aliquid
588 1922 694 1977 contra
704 1917 812 1998 impias
821 1916 1020 1999 scriptorum,
1038 1936 1104 1996 quae
1113 1916 1247 1997 quotidie
1260 1915 1470 1995 vulgabantur,

321 2013 477 2093 opiniones
491 2014 614 2092 vellent,
627 2014 751 2077 eosdem
761 2014 814 2075 tibi
824 2032 881 2095 pro
892 2014 944 2075 Dei
957 2033 1050 2076 causa
1062 2014 1267 2095 consultantes
1279 2012 1471 2075 vehementer

321 2109 631 2188 commendassemus,
643 2117 696 2173 tua
706 2111 746 2172 illi
763 2110 922 2189 religione,
934 2117 986 2172 tuo
1002 2109 1171 2191 patrocinio
1183 2109 1249 2171 freti
1263 2127 1299 2169 ea
1311 2125 1471 2188 suscepere

251 2196 270 2210 “
320 2208 460 2286 consilia,
480 2228 547 2290 quae
567 2228 613 2271 res
635 2209 700 2289 ipsa
720 2208 909 2289 postulabat,
928 2215 1021 2288 tuque
1036 2209 1099 2289 ipse
1119 2205 1346 2290 sapientissimis
1363 2206 1469 2285 jussis,

320 2312 410 2385 atque
430 2305 609 2368 auctoritate
624 2313 677 2368 tua
696 2306 855 2386 praeclara,
872 2323 908 2367 ac
922 2304 1041 2385 egregia
1053 2305 1141 2385 regiae
1158 2303 1275 2383 jamdiu
1290 2303 1320 2364 iu
1344 2310 1374 2363 te
1398 2319 1471 2383 per-

320 2410 428 2482 specta
437 2403 523 2479 fidei,
539 2422 574 2464 ae
587 2403 705 2464 virtutis
713 2404 894 2466 documenta
903 2404 1065 2466 renovasti.
1078 2402 1293 2465 Incredibiliter
1306 2418 1389 2479 sane,
1399 2416 1469 2462 cunr

319 2498 383 2560 line
393 2499 485 2561 Nobis
499 2499 691 2578 referrentur,
706 2500 796 2562 letati
808 2519 929 2578 sumus,
945 2520 981 2563 ac
995 2502 1176 2582 omnipontis
1188 2502 1241 2564 Dei
1253 2518 1345 2582 opem
1362 2504 1471 2580 presto

320 2613 386 2656 esse
411 2596 602 2675 agnovimus,
618 2597 670 2676 qui
685 2616 776 2659 suum
790 2599 909 2660 Numen
923 2601 1181 2663 contemnentium
1195 2600 1356 2663 temeritati
1380 2607 1471 2681 atque

320 2692 440 2754 insanire
454 2711 526 2754 eum
547 2694 576 2753 in
590 2693 716 2755 modum
737 2694 889 2756 restiterit.
909 2695 975 2755 Tibi
994 2696 1095 2776 itaque
1114 2698 1179 2775 ejus
1193 2715 1289 2760 causa
1306 2697 1415 2762 vindici
1429 2703 1470 2765 ob

319 2795 491 2874 hujusmodi
504 2803 561 2858 tun
572 2796 674 2876 gloriae
689 2796 915 2859 incrementum
925 2803 989 2856 tam
1001 2796 1102 2873 enixe,
1116 2815 1152 2857 ac
1162 2803 1226 2857 tam
1236 2796 1346 2878 cupide
1363 2808 1470 2878 gratu-

319 2896 428 2973 lamur,
441 2901 600 2976 tantasque
617 2894 780 2970 habemus,
798 2912 834 2955 ac
854 2900 918 2956 tarn
931 2893 1118 2956 immortales
1131 2894 1259 2974 gratias,
1275 2902 1308 2956 ut
1325 2896 1470 2959 alacriore

319 3009 355 3052 ac
373 2991 570 3054 lucidentiore
587 2991 678 3053 animi
693 2991 787 3053 nostri
807 3008 895 3053 sensu
917 2990 947 3051 id
968 2991 1067 3071 ipsum
1083 2998 1239 3071 prostare,
1255 3011 1290 3052 ac
1302 3011 1363 3072 pra
1376 2993 1471 3055 Nobis

318 3086 395 3151 ferre
406 3107 603 3170 nequeamus.
618 3088 764 3150 Videmus
777 3088 859 3149 enim
869 3107 906 3150 ea
926 3106 958 3149 re
970 3089 1143 3149 consultum
1161 3094 1221 3150 ate
1232 3089 1346 3169 optime
1362 3108 1427 3152 esse
1439 3099 1470 3153 et

318 3183 468 3264 religioni,
488 3186 570 3266 quod
583 3185 715 3247 maxime
736 3185 893 3261 intererat,
914 3192 945 3246 et
967 3192 1025 3247 tua
1039 3184 1144 3264 tuique
1158 3184 1241 3264 regni
1255 3185 1422 3262 securitati,
1436 3195 1470 3247 et

319 3281 502 3360 populorum
514 3301 532 3343 a
545 3285 607 3343 Deo
620 3281 674 3342 tibi
688 3282 939 3360 commissorum,
961 3281 1071 3343 intimae
1083 3282 1291 3362 tranquillitati
1304 3300 1340 3345 ae
1358 3281 1465 3363 quieti.

318 3381 384 3452 Qua
403 3378 518 3440 ratione
537 3378 685 3458 siquidem
706 3379 788 3440 salva
801 3386 891 3459 atque
909 3379 1070 3441 incolumis
1091 3397 1155 3441 esse
1169 3398 1217 3440 res
1236 3379 1335 3442 omnis
1346 3379 1470 3461 publica

319 3484 435 3557 potest,
453 3495 523 3539 cum
540 3496 606 3557 que
621 3478 810 3541 sanctissimo
825 3477 976 3557 religionis
994 3477 1063 3556 jure
1083 3483 1184 3556 septa,
1200 3483 1230 3538 et
1248 3477 1366 3539 munita
1381 3485 1467 3553 sunt,

317 3577 425 3640 eadem
436 3596 490 3658 per
502 3595 653 3639 summam
665 3577 949 3640 absindissimarum
961 3576 1138 3657 opinionum
1158 3575 1378 3638 immanitatem
1391 3594 1469 3638 con-

318 3679 485 3740 vellantur?
499 3679 568 3739 llaec
581 3679 643 3739 Nos
657 3676 784 3739 mirifice
799 3677 830 3737 in
843 3695 880 3738 ea
890 3675 1071 3738 confirmant
1085 3673 1195 3735 fiducia
1205 3718 1214 3750 ,
1226 3672 1300 3734 nihil
1320 3672 1469 3754 imposto-

319 3791 387 3833 rum
407 3774 438 3835 in
452 3774 512 3836 lroc
533 3793 641 3853 genere
658 3773 794 3836 accidere
816 3790 921 3854 posse,
937 3772 967 3832 in
987 3790 1049 3851 quo
1063 3788 1124 3832 non
1145 3776 1214 3831 ante
1229 3768 1282 3830 tibi
1300 3768 1469 3849 gratiarum

319 3870 461 3948 actionis,
474 3890 567 3952 quam
578 3871 848 3935 commendationis
863 3871 998 3933 officium
1012 3871 1052 3934 sit
1065 3870 1187 3933 aNobis
1198 3868 1404 3932 deferendum.
1420 3871 1469 3933 nd

318 3968 373 4029 has
386 3968 523 4048 publicas
532 3975 563 4029 et
576 3970 765 4048 gravissimas
774 3971 851 4050 grati
863 3969 916 4031 tibi
931 3969 1022 4032 animi
1035 3971 1128 4032 nostri
1140 3967 1311 4033 declarandi
1322 3968 1468 4048 rationes,

319 4066 434 4128 aceedit
447 4066 539 4129 etiam
556 4067 731 4147 peculiaris,
745 4068 897 4148 Nobisque
910 4067 1129 4145 jucundissima
1143 4087 1235 4130 causa
1252 4064 1469 4144 humanitatis,

318 4152 491 4244 patrocinii,
513 4184 549 4228 ao
561 4168 662 4246 gratia
683 4174 741 4228 tuae
754 4186 814 4246 qua
827 4166 1028 4228 venerabilem
1041 4167 1165 4228 fratrem
1179 4163 1396 4228 Bemardiuum
1420 4182 1471 4224 ar-

318 4262 544 4346 chiepiscopum
554 4266 773 4327 Damascenum
784 4265 929 4325 nuncium
941 4266 1021 4346 apud
1030 4272 1060 4327 te
1070 4272 1207 4327 nostrum
1218 4282 1273 4346 pro
1281 4260 1362 4341 regia
1372 4260 1469 4323 animi

318 4361 362 4420 tui
375 4361 574 4442 benignitate,
588 4384 623 4425 ac
638 4365 668 4426 in
682 4366 743 4424 Nos
752 4363 863 4443 pietate
874 4365 1091 4442 complecteris.
1108 4363 1232 4444 Egregie
1245 4359 1400 4424 abeodem
1415 4379 1470 4422 sa-

317 4457 419 4519 tisfieri
434 4477 488 4520 suo
503 4479 521 4520 a
534 4461 626 4522 Nobis
639 4460 780 4541 imposito
794 4461 910 4521 muneri
925 4461 1081 4541 perspicue
1096 4461 1304 4539 intelligimus,
1319 4476 1390 4521 curn
1404 4463 1469 4519 tarn
