3194 5354
372 489 553 544 EPlSTOLAE
571 489 614 543 ET
633 481 764 542 unfit'lr
786 482 1019 543 §alremont
1217 490 1268 543 rm

123 594 308 655 uoluntatem
323 602 455 656 nostram
466 594 505 656 ad
517 596 632 657 Domini
642 595 744 657 omma
753 594 782 655 iu
794 595 905 656 bonum
916 587 1100 674 disponentis
1112 592 1267 654 arbitrium

121 689 356 763 ooniormemusa
374 691 461 766 Quod
475 711 545 754 cum
560 692 728 770 fecerimus,
741 693 931 754 utilissimum
945 691 1051 752 animae
1065 709 1142 768 artae,
1157 698 1186 752 et
1200 709 1269 752 cer-

123 788 273 860 tissimum
286 796 403 851 'nostrae
428 794 459 850 in
482 808 549 850 eam
565 791 685 870 pietatis
709 797 920 870 argumentum
943 788 1067 849 extabit.
1085 790 1213 849 Demum
1235 798 1269 849 ut

123 886 223 947 salvus
233 886 297 967 ipse
310 905 347 948 ae
358 905 460 968 sospm
472 888 511 947 ad
529 884 729 948 certissimum
740 886 908 948 christiana
919 883 1087 964 reipublice
1098 882 1268 963 praesidium

122 1000 243 1062 semper
256 984 373 1063 vigeas,
391 1003 409 1044 a
427 986 490 1045 Deo
501 991 660 1064 precantes
674 985 704 1045 in
720 982 864 1045 eximium
883 983 974 1044 etiam
990 988 1121 1062 patemae
1136 979 1268 1041 canolis

122 1079 229 1159 pignus
237 1079 433 1160 apostolicam
443 1079 682 1143 benedictionem
691 1081 757 1158 tibi,
768 1081 920 1143 carissime
932 1079 963 1140 in
972 1079 1088 1140 Christo
1102 1076 1143 1139 tili
1155 1084 1268 1152 noster,

123 1177 328 1239 amantissime
346 1177 545 1260 impertimur.
564 1180 674 1239 Dotem
691 1180 807 1250 Romo,
823 1178 905 1257 opud
920 1178 952 1240 S.
970 1180 1098 1238 Mariam
1113 1177 1267 1252 Majorem‚

123 1274 176 1334 seb
189 1275 313 1336 Annulo
322 1277 488 1336 Piscatores
511 1274 560 1334 die
574 1287 608 1335 ιο
618 1277 781 1337 decembris
794 1286 882 1352 17735
891 1277 1183 1354 pontificatuenostr'i
1190 1285 1269 1334 unda

122 1379 235 1451 quinto.

603 1479 779 1492 ——m

617 1591 765 1671 CCXLll.

531 1753 722 1800 tenerentur
746 1754 859 1799 ananau
975 1803 980 1817 ι

310 1864 505 1935 tosunmo
526 1871 827 1934 monrnrrscoro
847 1860 1081 1945 mentuunt,

438 2000 529 2049 limis
545 1999 714 2048 callloblcl
730 1989 954 2058 concammio,

402 2099 663 2184 CLEMENS
696 2091 839 2184 ΡΑΡΑ
872 2103 989 2181 XIV.

839 2255 936 2311 lionae,
951 2257 979 2300 to
990 2249 1123 2300 decembris
1140 2243 1207 2300 l77'3.

167 2359 371 2434 Venerabilis,
388 2364 444 2420 etc.
462 2359 640 2440 Accepimus
650 2357 763 2419 litteras
778 2356 846 2418 luas
864 2351 912 2418 dle
928 2359 1001 2418 xxvi
1016 2354 1148 2417 octobris
1165 2345 1267 2436 datam

123 2456 157 2518 in
170 2455 280 2537 quibus
293 2454 374 2536 quod
391 2461 480 2518 antea
494 2457 712 2537 perspeximus,
728 2456 860 2518 studium
882 2462 969 2517 tuum
987 2471 1058 2534 erga
1079 2440 1268 2536 seraphicum

123 2553 352 2616 Observantium
377 2553 517 2615 Ordinem
550 2551 675 2615 mirifice
706 2553 886 2631 confirmas,
912 2559 1111 2631 accurateque
1138 2551 1268 2614 rationes

122 2651 263 2732 exponis,-
277 2649 387 2730 quibus
401 2649 528 2713 ministri
548 2649 694 2730 generalis
715 2650 876 2712 electiones
900 2667 961 2711 non
977 2650 1042 2728 jam
1057 2656 1091 2711 ut
1107 2656 1195 2711 antea
1214 2669 1269 2731 per

122 2747 271 2828 generalia
292 2747 441 2828 capitula,
459 2748 512 2810 sed
533 2767 587 2829 per
603 2748 812 2831 compromissi
822 2748 902 2810 vlam
924 2747 987 2808 lieri
1006 2746 1115 2809 debere
1132 2745 1267 2826 judicas,

124 2850 157 2904 ut
169 2842 358 2904 eonimirum
369 2842 460 2906 modo
471 2850 501 2905 et
511 2861 639 2924 magnus
650 2846 822 2907 Electorum
833 2861 987 2921 numerus,
998 2850 1029 2904 et
1039 2842 1182 2904 diuturna
1193 2843 1269 2903 mul·

123 2949 223 3001 torum
239 2938 357 3013 itinera,
378 2944 409 2999 et
422 2939 534 3001 ordinis
555 2941 722 3022 impendia5
746 2950 776 3004 et
794 2943 938 3022 regularis
956 2940 1152 3003 observantia
1174 2940 1270 3001 detri-

123 3043 242 3112 menta,
264 3035 457 3116 ipsorumque
473 3037 664 3099 comitiorum
681 3040 867 3120 perturbatio
884 3040 931 3100 vel
945 3037 1069 3101 omnino
1088 3038 1209 3099 tollatur
1223 3039 1269 3099 vel

123 3132 286 3214 plurimum
299 3131 504 3193 imminuatur.
522 3134 583 3195 Nos
597 3134 719 3214 quidem
738 3153 774 3196 ea
788 3135 817 3196 in
831 3143 861 3197 te
878 3134 1001 3197 caritate
1016 3141 1132 3215 tuaque
1154 3132 1270 3196 virtutis

124 3227 343 3292 existimatione
356 3247 476 3304 srrmrrs,
489 3237 523 3290 ut
535 3230 608 3292 nibil
622 3232 717 3313 magis
730 3232 902 3314 cupiamus,
916 3244 1007 3313 quam
1022 3250 1124 3311 gerere
1138 3231 1190 3293 tibi
1206 3250 1269 3292 mo

124 3345 186 3388 rem
197 3361 206 3404 9
216 3328 398 3390 Venerabilis
411 3332 526 3406 Frater,
542 3337 640 3392 actuo
655 3331 828 3393 animatam
841 3330 878 3392 de
893 3330 971 3391 illius
988 3327 1100 3390 ordinis
1111 3328 1270 3410 splendore.

125 3443 160 3485 ac
173 3426 329 3488 sanctitate
343 3427 485 3504 sollicito,
501 3429 670 3509 apostolicae
687 3428 873 3491 auctoritatis
888 3447 945 3509 ope
967 3433 1135 3509 opportune
1150 3425 1269 3489 satissa-

125 3541 202 3586 rere.
223 3527 255 3587 ln
275 3544 337 3606 quo
351 3525 485 3606 prolecto
501 3529 563 3588 Nos
577 3528 631 3609 ipsi
647 3529 742 3589 amori
762 3527 933 3589 ineundam
947 3526 1082 3588 ordinem
1097 3531 1199 3586 nostro
1211 3571 1219 3602 ‚
1232 3544 1268 3586 ac
1311 3569 1313 3573 -

126 3622 215 3683 etiam
228 3623 382 3704 pontificio
393 3643 455 3704 quo
466 3624 618 3704 fungimur
628 3625 746 3687 muneri
756 3643 816 3686 una
832 3623 1000 3686 satislarere
1014 3628 1198 3702 optaremus.
1211 3616 1277 3682 Sed¹

128 3725 179 3780 tua
197 3720 367 3799 hujusmodi
386 3740 460 3783 eura
475 3721 596 3784 excitati
610 3723 683 3785 dum
704 3725 734 3785 in
748 3742 785 3785 eo
808 3743 929 3799 sumus,
943 3717 1128 3784 Venerabilis
1145 3715 1277 3796 Frater,'

125 3822 159 3877 ut
169 3817 298 3897 singula,
313 3837 379 3898 quae
394 3821 548 3899 proposita
567 3827 625 3880 ate
641 3828 727 3898 sunt,
738 3822 927 3882 revolvamus
941 3818 1042 3880 animo
1053 3815 1275 3900 diligenterque

125 3914 361 3994 perpendemus,
380 3935 428 3977 res
444 3917 578 3997 plurima
597 3917 823 3979 consultationis
845 3916 960 3977 ridetur
978 3933 1059 3992 esse,
1076 3921 1109 3976 ut
1129 3933 1188 3976 non
1207 3922 1268 3976 tam

125 4009 211 4074 facile
222 4011 386 4091 quidquam
401 4013 500 4077 adbuc
511 4021 594 4077 certo
613 4022 744 4076 statuere
760 4015 925 4076 valeamus.
940 4014 986 4075 ab
996 4031 1032 4073 eo
1046 4011 1188 4073 nimirum
1200 4030 1270 4071 con-

125 4109 190 4171 silio
206 4109 394 4190 suscipiendo
415 4113 476 4174 Nos
488 4113 681 4174 vehementer
696 4112 825 4173 deterret
838 4131 873 4172 ac
887 4110 1010 4172 retrahit
1025 4117 1107 4170 tanta
1121 4107 1151 4167 in
1170 4105 1278 4187 ipsum'

125 4205 260 4267 ordinem
273 4205 440 4268 inducenda
452 4210 570 4271 novitas
590 4225 655 4290 que
677 4218 875 4290 praeterquam
896 4209 978 4288 quod
993 4204 1117 4267 uetustis
1140 4202 1278 4264 lnstituti‘

126 4301 244 4380 regulis,
268 4302 445 4382 apostolicis,
459 4306 734 4376 constitutionibus,
751 4305 919 4368 inveteratae
937 4299 1144 4388 consuetudini
1160 4293 1278 4361 adrer-·
1310 4339 1312 4342 <

125 4404 227 4460 satura
239 4399 294 4476 sit,
312 4399 377 4479 ipsa
387 4418 441 4481 per
452 4421 514 4464 sese
525 4404 615 4465 etiam
627 4405 826 4484 plurimorum
841 4400 1030 4462 dissidiorum
1041 4403 1102 4475 ‚ae
1114 4395 1281 4479 perturba-‘⁸

128 4496 242 4558 tionum
256 4515 348 4558 causa
362 4515 427 4559 esse
442 4507 560 4578 posset5
572 4499 645 4561 dum
659 4501 797 4562 maximae
816 4499 893 4579 parti
910 4499 947 4558 ad
968 4494 1107 4576 suffragiu
1120 4494 1170 4573 jus
1182 4496 1280 4557 tolle-²

1131 4609 1161 4658 rs
