3194 5354
365 506 545 564 uats'roLAE
563 506 609 560 ET
628 502 760 560 BREViA
779 505 1014 562 SELECTIORA.
1228 510 1262 558 ³9

118 623 182 678 tore
197 618 261 677 lleo
284 613 400 677 coeleste
419 615 538 691 lumen,
556 631 592 675 ac
611 628 688 673 vera
704 610 856 674 felicitatis
874 611 1142 692 consequutionem
1159 629 1263 691 preca-

118 731 199 774 mur.
217 713 545 790 ostenderemus,
565 710 615 773 die
636 721 655 771 9
677 709 941 785 decembra‘rttta,
959 710 1151 789 mostratur
1168 712 1263 770 nostri

115 827 198 871 anno
209 813 319 888 primo.

596 926 780 940 m

638 1047 739 1119 XLll.

472 1219 722 1265 Vsslfflblilbllfflss
740 1219 912 1264 ratramus

119 1336 373 1399 PATnlAltCllls
391 1333 642 1412 numanam,
660 1333 986 1412 aaufflnrtscorla
1004 1334 1052 1396 b'r
1069 1333 1263 1395 EPlscopls

356 1461 551 1511 curvares
576 1460 766 1511 accursus
790 1458 1025 1520 carucarum,
1150 1455 1152 1459 ’

309 1622 310 1631 ¹
428 1581 663 1660 CLEMENS
690 1583 821 1659 PAPA
848 1581 954 1657 XIV.

798 1763 895 1823 Romae,
915 1766 941 1812 ta
955 1761 1088 1812 decembris
1102 1767 1169 1813 17t9.

165 1876 355 1937 Venerobttes
365 1919 373 1952 ,
384 1881 440 1938 etc.
455 1877 530 1937 Cum
543 1877 652 1937 summi
666 1877 852 1957 apostolatus
862 1876 1036 1957 impositum
1050 1876 1142 1938 Nobis
1154 1895 1264 1940 munus

119 1973 301 2054 cogitatione
320 1973 614 2054 comprehendimus,
632 1975 768 2056 tantique
782 1974 881 2037 oneris
895 1974 957 2034 vim
975 1992 1011 2035 ac
1021 1975 1201 2054 gravitatem
1215 1974 1264 2036 in-

119 2077 252 2146 tuemur,
263 2086 324 2130 non
335 2087 505 2150 mamus,
512 2072 704 2134 venerabiles
714 2073 844 2148 Fratres,
855 2070 934 2133 etrei
944 2070 1262 2151 ipsiusmagnitudine,

116 2170 147 2225 ct
164 2169 320 2244 perspecta
343 2164 436 2226 Nobis
453 2165 562 2228 virium
575 2173 746 2229 nostrarum
762 2164 965 2230 imbecillitate
987 2184 1048 2229 non
1071 2167 1264 2230 vehementer

116 2261 313 2324 commoveri.
326 2262 359 2322 ln
373 2260 562 2325 altitudinem
569 2263 662 2326 maris
675 2263 806 2343 venisse,
817 2271 907 2346 atque
924 2266 1120 2346 etranquillae
1131 2268 1199 2328 vitae
1213 2286 1264 2328 se-

119 2358 247 2419 curitate
254 2359 581 2439 tanquametutissimo
588 2369 678 2442 portu
690 2362 729 2424 ad
738 2364 901 2444 regendam
911 2364 994 2426 Beati
1004 2363 1082 2425 Petri
1093 2365 1264 2428 naviculam

120 2457 235 2518 evocati
249 2457 389 2519 maximis
404 2465 527 2540 repente
540 2460 601 2522 Nos
611 2460 727 2541 abripi,
740 2468 830 2544 atque
845 2461 950 2542 agitari
962 2461 1102 2524 lacubus
1113 2462 1262 2541 videmur,

118 2571 154 2615 ac
165 2554 353 2636 tempestatis
366 2555 481 2636 vipene
492 2552 636 2637 demergi.
654 2559 767 2619 Verum
783 2577 801 2620 a
815 2559 941 2621 Donuno
954 2559 1069 2621 lactum
1080 2565 1126 2621 est
1142 2559 1221 2621 istud
1232 2567 1265 2622 et

117 2659 163 2714 cst
176 2653 313 2717 mirabile
327 2654 357 2717 in
375 2653 470 2717 oculis
480 2656 602 2718 nostris.
615 2658 719 2738 Neque
732 2657 814 2719 enim
828 2657 895 2719 ullis
905 2656 1029 2719 humani
1042 2657 1157 2720 consilii
1172 2657 1264 2720 ratio-

117 2751 215 2828 nibus,
227 2752 280 2814 sad
295 2752 373 2814 illius
390 2753 571 2815 inscrutabili
581 2753 697 2833 judicio
705 2753 799 2817 Nobis
810 2754 884 2816 nihil
899 2755 958 2816 tale
968 2753 1162 2835 opinantibus
1175 2754 1263 2816 dela-

116 2854 178 2909 tam
188 2849 264 2911 tanti
273 2850 407 2911 muneris
417 2852 663 2929 procurationem
674 2851 859 2933 apertissime
869 2851 1073 2930 intelligimus.
1090 2849 1219 2912 Proinde
1232 2852 1265 2912 in

116 2945 314 3006 certissimam
327 2963 412 3026 spem
423 2947 578 3026 erigimur,
591 2965 662 3008 eum
673 2949 783 3027 ipsum,
793 2948 846 3027 qui
855 2948 916 3008 Nos
930 2947 969 3007 ad
983 2945 1095 3007 summi
1106 2944 1263 3007 ministerii

117 3040 347 3102 sollicitudinem
368 3041 504 3118 adduxit,
519 3043 659 3104 timorem
684 3062 721 3105 ac
740 3043 946 3104 infirmitatem
966 3049 1100 3102 nostram
1124 3040 1264 3121 praesidio

117 3154 174 3198 suo
188 3137 433 3214 sublevaturum,
448 3145 479 3198 et
494 3139 705 3200 exauditurum
722 3141 783 3202 Nos
800 3158 865 3201 esse
882 3140 913 3200 in
934 3137 1112 3224 abscondito
1126 3145 1262 3219 tempes-

115 3235 197 3296 tatis.
218 3237 252 3296 ln
273 3235 379 3296 eadem
400 3235 511 3298 iiducia
528 3237 670 3318 praeclare
686 3240 748 3300 Nos
763 3237 922 3299 confirmat
936 3236 1016 3298 Petri
1035 3236 1211 3316 trepidantis
1232 3238 1262 3300 in

116 3333 213 3410 mari,
238 3350 275 3394 ac
293 3333 411 3394 Domini
430 3334 581 3396 modicam
603 3335 738 3413 ejusdem
760 3335 852 3398 fidem
874 3334 1055 3416 increpantis
1081 3332 1259 3397 recordatio.

116 3430 171 3505 Qui
190 3431 283 3493 Nobis
303 3431 334 3492 in
349 3432 554 3512 apostolorum
569 3433 704 3514 principe
724 3433 816 3496 totius
826 3433 965 3494 Ecclesia
980 3449 1106 3510 curam,
1119 3439 1151 3494 et
1165 3434 1264 3496 claves

117 3527 197 3608 regni
208 3529 356 3592 coelorum
370 3527 509 3607 tradidit,
522 3529 573 3610 qui
586 3536 656 3591 suas
672 3548 744 3591 oves
754 3547 896 3611 pascere,
912 3547 949 3590 ac
962 3528 1068 3590 iratres
1080 3528 1264 3591 confirmare

114 3624 222 3702 jussit,
238 3624 408 3688 idemoerte
419 3643 540 3688 omnem
553 3627 598 3688 sui
615 3627 769 3689 obtinendi
786 3626 887 3688 auxilii
901 3626 1120 3687 dubitationem
1137 3624 1262 3685 aNobis

116 3721 281 3802 depellere,
297 3723 419 3804 Nosque
435 3742 496 3785 suaa
506 3725 610 3803 gratiae
621 3742 674 3805 spe
687 3724 784 3805 magis
799 3725 908 3801 voluit,
922 3741 1014 3804 quam
1028 3722 1136 3783 timore
1151 3728 1262 3784 nostrae

117 3817 329 3882 imbecillitatis
340 3822 465 3882 moveri.
479 3821 561 3883 lilius
572 3821 689 3901 itaque,
704 3822 756 3901 qui
770 3829 816 3883 est
831 3821 923 3883 robur
937 3839 974 3882 ac
988 3820 1133 3882 tortitudo
1146 3826 1260 3903 nostra,

119 3917 265 3981 voluntati
283 3920 490 4002 obsequimur,
505 3919 583 3981 illius
601 3919 670 3981 tldoi
688 3920 891 4001 potestatique
907 3919 968 3980 Nos
981 3917 1195 3998 permittimus.
1209 3919 1261 3979 Ille

119 4015 243 4079 consilio
263 4035 318 4082 suo
332 4018 508 4081 inchoatum
522 4019 552 4080 in
570 4016 661 4079 Nobis
674 4036 751 4099 opus
768 4017 859 4079 etiam
878 4015 1027 4097 perficiet,
1043 4023 1133 4096 atque
1144 4033 1180 4077 ex
1196 4015 1262 4094 ipsa

119 4111 287 4177 humilitate
313 4123 417 4178 nostra
439 4115 517 4178 illius
539 4116 697 4196 potentiae,
723 4132 758 4177 ac
781 4113 991 4177 misericordias
1011 4114 1055 4176 vis
1077 4110 1260 4193 perspectior

117 4209 257 4272 omnibus
272 4213 431 4276 elucescet.
446 4216 523 4276 Nam
539 4215 563 4274 si
575 4213 648 4294 quid
664 4214 722 4274 hac
737 4220 909 4294 temporum
928 4212 1115 4287 conditione,
1138 4216 1259 4287 nostra,

122 4306 174 4385 qui
189 4308 307 4372 inutiles
322 4313 398 4373 serui
413 4331 533 4389 sumus,
548 4330 640 4392 opera
655 4311 692 4372 ad
707 4312 846 4373 Ecclesiae
864 4329 925 4372 suae
938 4306 1176 4371 incolumitatem
1191 4325 1260 4368 rno-

116 4403 181 4480 liri,
196 4421 231 4466 ac
242 4406 360 4471 allicere
374 4411 546 4487 constituit,
559 4409 643 4471 illum
656 4429 750 4471 unum
770 4429 877 4472 omnes
896 4414 1049 4469 auctorem
1058 4404 1158 4486 'atquc
1172 4405 1260 4466 clloc-

118 4508 216 4564 torcm
231 4505 427 4586 perspicient,
448 4515 478 4569 et
491 4514 649 4589 propterea
670 4507 726 4587 ipsi
741 4508 887 4569 honorem
912 4524 946 4566 ac
967 4505 1094 4584 gloriam
1108 4523 1173 4568 csse
1190 4510 1260 4565 tan-
