3194 5354
475 512 657 567 liPlSTOLAE
676 513 720 565 ET
737 512 869 566 nulllus
884 512 1118 566 sunucvrorm.
1316 520 1369 570 803

224 628 313 681 natus
331 618 553 679 inducerentur.
569 615 660 677 Aliud
672 615 764 676 etiam
783 615 979 695 cogitationes
999 623 1118 678 nostras
1137 637 1192 680 suo
1206 619 1274 698 jure
1289 637 1369 699 qno-

223 714 387 778 dammodo
399 713 553 793 efflagitat,
569 713 712 775 nimirum
726 720 900 776 sanctorum
912 715 966 774 Xll
979 715 1194 794 Apostolorum
1207 717 1368 798 templum,

224 813 274 872 cni
286 818 316 872 et
330 810 370 873 ob
383 809 516 891 pristina
528 815 638 871 nostra
649 809 718 871 vitae
731 808 919 889 institutique
929 808 1061 872 rationes
1074 817 1106 871 et
1121 811 1161 872 ob
1178 812 1313 890 ejusdem
1327 812 1369 874 ti-

144 928 147 936 ·
224 909 321 970 tulum
332 908 362 969 in
373 906 592 969 cardinalatus
609 906 702 969 Nobis
712 914 829 987 gestum
847 905 983 969 obstricti
1000 925 1035 968 ac
1048 907 1188 988 propensi
1204 908 1369 989 plurimum

224 1025 338 1068 sumus.
358 1005 487 1068 Proinde
507 1005 600 1067 Vobis
618 1004 822 1084 significamus
837 1005 909 1067 illud
923 1004 1016 1067 etiam
1036 1012 1178 1067 ornatum
1200 1013 1290 1087 atque
1311 1006 1369 1069 ad-

223 1105 348 1167 ductum
363 1104 398 1166 iri
412 1103 449 1165 ad
463 1121 532 1165 eam
548 1104 697 1185 speciem,
712 1123 780 1184 quae
793 1110 823 1165 et
836 1104 927 1183 hujus
941 1103 1023 1164 urbis
1042 1103 1232 1184 amplitudini
1248 1112 1279 1166 et
1289 1111 1369 1167 tem-

222 1205 305 1285 poris
319 1202 470 1266 sanctitati
480 1203 648 1264 conveniat.
660 1202 774 1278 eribus
783 1203 903 1285 templis
913 1203 995 1265 bunc
1006 1204 1038 1264 in
1050 1203 1176 1265 modum
1187 1203 1370 1266 instruendis

222 1303 295 1363 dum
307 1303 380 1378 Nos,
391 1300 585 1363 Venerabiles
595 1303 727 1378 Fratres,
740 1301 927 1378 distinemur,
940 1302 979 1363 ad
990 1309 1114 1364 caeteras
1124 1303 1208 1365 urbis
1216 1305 1368 1380 ecclesias,

226 1399 307 1479 quod
323 1400 430 1460 attinet
447 1417 552 1460 earum
570 1398 727 1479 plerasque
747 1399 863 1460 eximia
881 1407 988 1461 vestra
1007 1400 1197 1462 sollicitudini
1210 1419 1245 1462 ac
1265 1402 1367 1481 pietati

224 1496 482 1558 commendamus.
496 1497 571 1556 Cum
585 1496 687 1557 multae
700 1496 796 1573 vobis,
812 1497 859 1558 vel
879 1496 908 1557 in
926 1496 1049 1558 titulum
1063 1497 1110 1558 vel
1124 1497 1154 1558 in
1166 1498 1366 1577 patrocinium

224 1598 283 1658 sint
302 1596 431 1673 tradita,
446 1595 637 1657 vehementer
654 1592 793 1675 cupimus
815 1612 928 1674 vosque
949 1594 979 1654 in
1001 1593 1129 1655 Domino
1151 1594 1321 1672 hortamur,
1336 1604 1370 1657 ιιι

224 1696 324 1776 palam
345 1694 487 1756 omnibns
502 1694 567 1755 fieri
590 1692 705 1769 velitis,
724 1697 869 1773 quantam
889 1691 1078 1754 sedulitatem
1096 1693 1127 1754 in
1152 1694 1210 1755 hac
1233 1696 1367 1756 muneris

223 1792 312 1854 vestri
328 1799 414 1873 parte
436 1790 600 1852 collocetis.
611 1789 791 1870 Magnopere
806 1807 961 1869 speramns
976 1789 1040 1850 fore
1051 1796 1085 1851 ut
1100 1790 1158 1852 bac
1168 1792 1313 1872 praeclara
1332 1810 1367 1854 ac

223 1896 330 1951 mutua
340 1894 444 1950 nostra
456 1888 494 1949 de
503 1904 607 1950 rerum
618 1904 773 1948 sacrarum
785 1893 931 1967 apparatu
938 1887 1129 1949 contentione
1138 1895 1254 1950 ceteros
1264 1906 1372 1951 omnes-

222 1988 330 2063 etiam,
349 1986 388 2047 ad
403 2004 481 2066 quos
491 1985 685 2066 templorum,
699 1984 959 2062 nosocomiorum,
974 1991 1064 2065 atoue
1078 1984 1278 2066 hospitiorum
1296 2005 1369 2048 cura

222 2086 351 2165 pertinet
368 2084 407 2144 ad
426 2083 561 2160 ejusdem
574 2081 666 2143 studii
684 2081 884 2145 imitationem
894 2083 1071 2144 excitemus.
1094 2083 1181 2157 Quod
1201 2091 1235 2144 nt
1257 2084 1369 2144 certius

224 2199 419 2263 assequamur
433 2186 537 2243 nostro
548 2178 719 2262 apostoliea
736 2179 911 2243 visitationis
927 2182 1090 2243 secretario
1104 2183 1323 2260 mandavimus,
1335 2192 1368 2244 ut

223 2284 297 2343 alias
310 2300 415 2344 omnes
429 2283 536 2358 obeat,
550 2300 586 2342 ac
599 2280 758 2362 perlustret
773 2281 913 2343 ecclesias
926 2280 1078 2363 Nobisque
1096 2288 1235 2342 accurate
1247 2282 1367 2358 referat,

224 2378 335 2458 siquid
354 2378 385 2439 in
405 2378 442 2439 iis
455 2385 643 2458 compareat,
654 2378 736 2459 quod
749 2377 807 2440 loci
826 2368 977 2442 sanctitati
1001 2382 1125 2444 minime
1146 2380 1184 2443 sit
1205 2389 1368 2444 consenta-

223 2487 326 2553 neum,
338 2476 480 2557 qnodque
495 2495 619 2558 operam
632 2483 767 2538 nostram
781 2477 828 2538 vel
838 2477 1049 2540 auctoritatem
1059 2478 1217 2540 desideret.
1229 2477 1288 2542 Sed
1297 2496 1369 2542 curn

224 2573 288 2635 baec
305 2580 439 2652 externa,
450 2593 518 2654 quae
529 2574 559 2635 in
570 2593 684 2651 sensus,
697 2581 786 2655 atque
800 2575 904 2638 oculos
919 2577 1086 2656 incurrunt,
1096 2597 1131 2639 ac
1142 2578 1369 2659 quodammodo

224 2669 260 2731 ad
276 2669 418 2732 interiora
428 2670 574 2732 virtutum
583 2669 722 2751 praesidia
730 2669 845 2733 facilius
858 2672 1063 2754 conquirenda
1076 2673 1202 2751 ducunt,
1213 2673 1370 2755 diligenter
1467 2666 1469 2670 ’

223 2764 342 2844 provisa
355 2764 542 2828 luerinttnm
560 2766 599 2827 ad
612 2784 666 2843 ea,
690 2785 756 2847 quae
776 2767 929 2849 praecipua
952 2775 1039 2848 sunt,
1059 2769 1203 2832 nimirum
1219 2770 1256 2830 ad
1271 2769 1369 2850 ipsam

223 2861 392 2921 animarum
405 2861 633 2923 aeffilicationem
641 2907 650 2937 ,
663 2869 693 2922 et
707 2862 812 2923 intima
825 2864 946 2944 spiritus
960 2871 1136 2926 ornamenta
1151 2865 1368 2944 comparanda,

225 2961 255 3018 in
273 2976 334 3038 quo
356 2957 447 3020 divini
464 2960 562 3020 cultus
578 2978 613 3019 ae
625 2958 774 3036 religionis
789 2958 883 3037 vires,
896 2966 927 3021 et
938 2967 1046 3021 natura
1057 2960 1227 3021 continetur
1240 2960 1369 3039 gradum

223 3054 378 3116 faciemus.
401 3056 472 3128 Qum
492 3054 615 3115 consilia
632 3053 707 3114 dnm
729 3071 883 3115 versamus
907 3054 1008 3116 animo
1032 3072 1068 3115 ac
1090 3055 1222 3116 rationes
1244 3072 1368 3131 omnes,

222 3151 331 3232 quibus
343 3151 375 3212 id
388 3150 486 3232 aptius
495 3149 623 3212 obtineri
638 3167 656 3210 a
671 3148 762 3210 Nobis
775 3149 870 3230 possit
889 3155 1110 3228 consectamur,
1132 3150 1369 3232 omnipotentem

223 3253 317 3311 Deum
329 3250 415 3311 enixe
431 3249 641 3324 obsecramus,
656 3253 690 3307 ιιι
704 3264 764 3307 sua
777 3246 904 3307 coelestis
922 3247 1024 3326 gratia
1044 3247 1177 3311 subsidio
1199 3248 1251 3311 illa
1266 3249 1370 3310 omnia

223 3368 290 3428 qvia
313 3349 351 3409 ad
371 3365 457 3409 snam
470 3345 596 3426 gloriam
616 3344 747 3406 maximo
766 3342 952 3424 conducant,
971 3346 1068 3427 parati
1087 3348 1283 3428 instructique
1307 3363 1370 3408 nna

222 3448 376 3511 vobiscum
390 3444 607 3526 aggrediamur.

702 3540 886 3551 -υ--ι-ι-

715 3632 863 3704 CCLXV.

566 3782 695 3826 nlnncno
720 3782 800 3824 slavo
823 3783 927 3825 nouit!
950 3784 1024 3828 vnto

605 3881 697 3943 Dllcl
718 3880 991 3954 D'AIGUILLON‚

423 3990 614 4039 sacerrimo
636 3988 753 4038 smrns
778 3988 868 4036 neers
889 3989 1168 4051 cunvsrmmssmr,

531 4083 766 4162 CLEMENS
793 4087 921 4163 PAPA
949 4086 1056 4164 XIV.

992 4229 1086 4287 ltomm,
1102 4233 1131 4276 20
1144 4225 1225 4286 aprilis
1239 4228 1305 4274 llll.
1343 4215 1345 4218 ⁴

262 4323 398 4392 Dilecto,
413 4332 467 4384 etc.
489 4323 575 4397 Quod
589 4324 708 4385 assidue
725 4322 817 4386 Nobis
830 4333 967 4386 versatur
986 4331 1054 4384 ante
1072 4324 1176 4383 oculos
1194 4324 1370 4404 perspectis

224 4422 333 4481 simum
346 4429 435 4501 atque
444 4421 592 4482 excellens
599 4428 686 4483 tuum
698 4421 727 4483 in
741 4423 819 4498 Nos,
831 4428 1012 4482 acsanclam
1026 4419 1105 4479 hanc
1118 4419 1226 4481 sedem
1235 4420 1369 4482 studium

223 4521 280 4581 lroc
301 4519 464 4600 prasertim
481 4524 617 4598 tempore
642 4536 704 4598 qno
728 4518 766 4579 de
787 4518 948 4579 avenionis
962 4523 992 4576 et
1002 4512 1162 4578 Beneventi
1183 4510 1372 4580 restitutione
