3194 5354
220 522 274 570 402
621 536 623 543 ’
653 519 856 575 CLEMENTIS
874 521 967 577 xlv:

219 619 356 699 gloriari,
372 626 402 680 et
415 620 577 682 mendaces
590 639 655 683 esse
670 623 811 684 adversus
823 624 991 685 veritatem.
1007 625 1075 685 Non
1089 632 1134 686 est
1152 624 1233 685 enim
1247 625 1308 688 ista
1320 646 1380 688 sa-

220 718 333 800 pientia
348 718 507 780 desursum
522 718 720 795 descendeus,
740 721 793 783 sed
804 720 1106 798 terrena,'auimalis,
1123 720 1290 784 diabolica
1314 724 1378 785 Ubi

220 819 300 877 enim
321 816 420 891 zelus,
435 825 465 876 et
480 817 651 893 contentio,
668 817 708 877 ibi
731 818 948 895 inconstantia,
969 826 999 879 et
1018 836 1107 879 omne
1128 837 1204 899 opus
1227 838 1376 898 pravum.

220 915 289 988 Quae
299 921 400 979 autem
407 913 566 976 desursum
573 923 623 982 'est
632 916 789 996 sapientia,
801 917 934 997 primum
943 915 1066 996 quidem
1075 916 1183 995 pudica
1192 924 1249 992 est,
1260 916 1379 981 deinde

219 1009 362 1090 pacifica,
376 1010 528 1088 modesta,
544 1013 714 1095 suadibilis,
725 1013 813 1075 bonis
826 1012 1015 1088 consentiens
1026 1047 1038 1087 ,·
1044 1012 1132 1092 plena
1142 1013 1377 1089 misericordia,

219 1113 250 1167 et
263 1106 409 1168 fructibus
418 1108 521 1184 bonis,
531 1127 591 1170 non
602 1109 758 1186 judicans,
771 1109 836 1171 sine
844 1110 1045 1172 aemulatione.
1059 1112 1185 1172 Fructus
1194 1120 1298 1174 autem
1308 1115 1378 1191 jus

219 1203 291 1266 tibae
306 1204 336 1267 iu
348 1223 423 1284 pace
433 1206 599 1268 seminatur
608 1205 786 1268 iacientibus
797 1226 945 1287 pacem.»
1164 1220 1166 1226 ·

261 1313 310 1363 ³8.
331 1303 493 1364 Preseutes
505 1321 626 1384 quoque
637 1303 752 1365 litteras
763 1304 855 1365 etiam
868 1323 905 1365 ex
918 1322 955 1365 eo
968 1303 1050 1383 quod
1064 1305 1255 1384 Superiores,
1272 1312 1304 1366 et
1321 1306 1377 1368 alii

219 1399 348 1478 religiosi
360 1399 522 1480 sepedicta
534 1401 709 1478 societatis,
723 1408 754 1462 et
765 1401 856 1463 ceteri
867 1401 1051 1482 quicumque
1064 1400 1095 1461 in
1113 1401 1275 1481 premissis
1295 1403 1377 1464 inte-

220 1514 300 1558 resse
315 1497 475 1573 habentes,
495 1516 548 1560 seu
560 1497 671 1559 habere
682 1497 911 1578 quomodolibet
921 1496 1140 1578 praetendentes
1152 1498 1208 1560 illis
1223 1517 1285 1561 non
1299 1518 1376 1562 con-

220 1594 381 1672 senserint,
394 1613 449 1656 nec
464 1595 548 1657 adea
565 1595 681 1671 vocati,
695 1602 725 1656 et
742 1593 835 1656 auditi
847 1594 957 1657 luerint
967 1641 975 1670 ,
986 1595 1068 1657 nullo
1081 1614 1214 1675 unquam
1230 1605 1375 1678 tempore

220 1693 258 1755 de
272 1692 489 1774 subreptionis,
502 1691 702 1772 obreptionis,
714 1692 873 1768 nullitatis,
892 1693 1142 1757 autinvaliditatis
1155 1694 1243 1770 vitio,
1257 1713 1314 1756 seu
1327 1697 1376 1758 in-

220 1789 495 1866 tentionisuostre,
512 1797 564 1851 aut
575 1789 634 1851 alio
653 1791 759 1871 quovis
776 1789 896 1853 deiectu
919 1790 1011 1851 etiam
1023 1791 1216 1870 quantumvis
1237 1809 1373 1871 magno,

220 1884 438 1964 inexcogitato,
453 1893 483 1947 et
493 1885 679 1947 substantiali
689 1930 697 1962 ,
709 1885 771 1948 sive
785 1885 879 1947 etiam
891 1904 929 1947 ex
946 1886 1077 1966 eoquod
1091 1887 1121 1948 in
1139 1887 1301 1968 premissis
1315 1909 1375 1951 seu

219 1998 325 2044 eorum
340 1982 440 2062 aliquo
458 1982 661 2045 solemnitates
674 1990 733 2056 ,et
751 1982 862 2063 quaevis
876 1983 935 2046 alia
954 1985 1115 2061 servanda,
1128 1994 1158 2046 et
1176 1985 1376 2066 adimplenda

222 2089 339 2141 semma
349 2097 410 2142 non
426 2080 536 2142 suerint
544 2105 552 2158 ;
568 2088 620 2142 aut
628 2099 665 2143 ex
678 2098 871 2161 quocumque
885 2081 944 2143 alio
955 2081 1054 2162 eapite
1070 2101 1087 2142 a
1098 2082 1166 2160 jure
1180 2083 1226 2144 vel
1240 2102 1375 2146 consue-

220 2179 324 2241 tudine
337 2180 439 2260 aliqua
448 2180 611 2243 resultante
620 2179 711 2242 etiam
723 2180 754 2242 iu
763 2189 890 2260 corpore
898 2178 974 2257 juris
984 2179 1106 2257 clauso,
1119 2198 1171 2242 seu
1181 2180 1273 2242 etiam
1283 2200 1376 2243 enor-

220 2275 296 2351 mis,
308 2276 539 2352 enormissimoe,
550 2284 581 2338 et
592 2277 693 2338 totalis
707 2275 852 2351 lesionis,
867 2282 899 2336 et
910 2274 1016 2355 quovis
1030 2275 1088 2337 alio
1101 2283 1261 2355 praetextu,
1282 2295 1376 2338 ocea-

220 2371 318 2449 sione,
332 2372 379 2433 vel
394 2390 504 2450 causa,
514 2373 607 2434 etiam
617 2372 812 2453 quantumvis
819 2373 919 2450 justa,
931 2371 1101 2434 rationabili
1112 2419 1120 2448 ,
1130 2381 1161 2434 et
1169 2373 1374 2453 privilegiata,

219 2468 311 2529 etiam
324 2469 376 2530 tali
386 2515 394 2546 ,
406 2488 475 2550 quae
485 2468 522 2530 ad
532 2468 674 2531 effectum
682 2468 843 2532 validitatis
855 2468 1077 2550 premissorum
1089 2470 1259 2533 necessario
1271 2474 1376 2552 expri-

220 2566 330 2627 menda
351 2566 446 2644 foret,
462 2567 577 2644 notari,
593 2567 781 2648 impugnari,
805 2566 979 2644 invalidari,
989 2568 1172 2642 retractari,
1187 2569 1218 2628 in
1231 2568 1305 2645 jus,
1323 2571 1374 2629 vel

219 2662 455 2725 controversiam
468 2664 601 2724 revocari
610 2707 620 2738 ,
641 2670 693 2725 aut
706 2663 745 2724 ad
766 2666 910 2725 terminos
929 2662 1005 2741 juris
1019 2663 1138 2738 reduci,
1156 2663 1201 2722 vel
1217 2661 1372 2725 adversus

221 2758 286 2819 illas
299 2757 495 2821 restitutionis
509 2757 539 2820 iu
558 2758 707 2837 integrum
716 2803 724 2834 ,
741 2757 915 2838 aperitionis
931 2759 1011 2836 oris,
1022 2759 1203 2827 reductionis
1217 2757 1254 2819 ad
1271 2759 1371 2836 viam,

220 2862 251 2916 et
267 2854 412 2918 terminos
422 2854 518 2934 juris,
534 2863 586 2917 aut
600 2854 680 2917 aliud
696 2854 910 2936 quodcumque
921 2856 1014 2934 juris,
1029 2856 1111 2933 iacti,
1122 2855 1238 2937 gratia,
1250 2857 1374 2935 velius-

220 2953 290 3015 titia
305 2951 472 3016 remedium
481 2951 634 3033 impetrari
645 2997 653 3028 ,
664 2971 718 3014 seu
727 2951 955 3033 quomodolibet
967 2971 1126 3027 mucesso.
1140 2962 1192 3014 aut
1204 2953 1373 3033 impetrato

220 3049 394 3129 quempiam
419 3048 479 3126 uti,
495 3067 548 3111 seu
566 3067 598 3111 se
617 3049 716 3127 juvari
737 3049 766 3110 in
786 3048 918 3128 judicio,
933 3049 979 3113 vel
995 3058 1081 3112 extra
1104 3050 1176 3112 illud
1194 3069 1300 3130 posse;
1316 3055 1372 3115 sed

220 3146 342 3208 easdem
356 3155 519 3228 presentes
534 3164 672 3226 semper,
683 3152 888 3226 perpetuoque
908 3146 1039 3222 validas,
1052 3147 1171 3223 firmas,
1186 3156 1216 3208 et
1228 3147 1373 3210 eilicaces

220 3243 359 3320 existere,
368 3252 399 3305 et
409 3243 473 3306 lore
483 3288 491 3315 ,
502 3260 631 3323 suosque
640 3242 807 3323 plenarios,
817 3249 849 3304 et
860 3242 992 3322 integros
1005 3244 1130 3306 eliectus
1143 3244 1240 3306 sortiri
1252 3289 1260 3320 ,
1272 3252 1303 3305 ot
1315 3246 1374 3307 ob

221 3339 333 3415 tinere,
346 3359 383 3401 ac
400 3358 452 3420 per
472 3357 577 3402 omnes
591 3347 621 3400 et
635 3338 783 3417 singulos,
800 3339 839 3400 ad
853 3357 930 3419 quos
946 3349 1078 3420 spectat,
1094 3349 1125 3402 et
1139 3339 1371 3421 quomodolibet

221 3435 369 3516 spectabit
380 3436 410 3496 in
428 3435 562 3497 iubarum
575 3433 782 3496 inviolabiliter
792 3421 960 3496 observari.-

263 3545 311 3596 sa.
329 3534 454 3614 Sicqne,
475 3541 507 3594 et
532 3551 593 3595 nou
614 3531 699 3594 aliter
721 3532 750 3592 in
773 3531 931 3612 premissis
949 3531 1104 3608 ornatibus,
1120 3543 1150 3592 et
1173 3532 1296 3609 singulis
1313 3550 1372 3611 per

220 3650 429 3712 quoscumque
440 3630 560 3693 ludices
569 3629 755 3704 ordinarios,
765 3637 796 3691 et
804 3629 961 3709 Delegatos
967 3674 976 3706 ,
988 3629 1078 3692 etiam
1094 3647 1250 3692 causarum
1261 3629 1371 3692 Palatii

220 3729 384 3810 apostolici
396 3727 575 3804 auditores,
587 3745 622 3788 ac
634 3727 664 3788 S.
681 3727 717 3787 lt.
729 3725 955 3799 E.Cardinales,
967 3726 1105 3788 etiamde
1116 3729 1217 3787 Latere
1227 3727 1372 3803 Legatos,

220 3833 252 3889 et
264 3826 349 3888 Sedis
360 3827 538 3907 apostolica
551 3826 699 3902 Nuncios,
711 3833 742 3888 et
752 3825 826 3886 alios
841 3825 953 3905 quavis¹
967 3826 1161 3900 anctoritate,
1176 3832 1205 3885 et
1218 3831 1374 3903 potestate

220 3925 379 4005 iungentes
390 3932 421 3985 et
431 3924 586 3986 iuncturos
603 3925 634 3985 in
651 3922 755 4003 quavis
769 3939 879 3998 causa,
893 3929 925 3983 et
941 3922 1104 3999 instantia,
1121 3921 1237 3983 sublata
1256 3921 1316 3997 eis,
1342 3933 1374 3989 et

219 4042 327 4087 eorum
341 4023 464 4086 cuilibet
476 4023 582 4102 quavis
597 4023 682 4085 aliter
691 4021 863 4100 judicandi,
876 4039 931 4084 seu
940 4021 1153 4102 interpretandi
1168 4020 1327 4096 facultate,
1340 4030 1374 4082 et

220 4123 400 4185 auctoritate
414 4120 557 4200 judicari,
571 4139 607 4181 ae
620 4119 736 4181 definiri
751 4118 860 4181 debere
870 4164 878 4197 ,
889 4137 925 4181 ac
938 4119 1072 4195 irritum,
1088 4127 1119 4181 et
1128 4119 1233 4196 inane,
1246 4119 1269 4178 si
1281 4137 1374 4180 secus

220 4220 367 4300 superbis
381 4237 563 4301 aquoquam
572 4218 676 4299 quavis
688 4217 881 4295 auctoritate,
898 4218 1035 4294 scienter,
1049 4217 1095 4280 vel
1110 4216 1282 4296 ignoranter
1296 4236 1375 4287 cone

221 4315 320 4393 tigerit
336 4317 494 4393 attentari,
512 4315 711 4378 decernimus.

262 4423 309 4470 tu.
321 4413 386 4473 Non
399 4413 587 4476 obstantibus
595 4414 862 4477 Constitutionibus
872 4459 879 4490 ,
890 4421 921 4475 et
930 4412 1168 4476 ordinationibus
1176 4401 1373 4491 apostolicis,

221 4508 313 4570 etiam
327 4507 357 4568 in
371 4509 509 4573 conciliis
522 4512 712 4591 generalibus
725 4511 830 4588 editis,
842 4518 873 4574 et
887 4516 1035 4590 qnatenus
1052 4523 1130 4591 opus
1143 4509 1185 4572 sit
1193 4509 1299 4587 regula
1311 4527 1375 4572 no-
