3194 5354
615 479 838 535 noctJttctth
859 480 980 535 vatata.

681 766 683 770 .
722 665 868 736 ccxcv.

951 835 953 840 .
970 811 1083 867 vienne,
1098 815 1127 859 tt
1141 810 1225 872 aprilis
1237 814 1303 860 ttta.

264 912 438 974 Beatissime
447 911 477 972 in
489 911 605 974 Christo
617 916 704 975 Pater
710 917 835 978 Donum
844 915 1098 978 Reverendissime
1110 917 1117 975 t
1130 916 1200 976 Post
1209 915 1369 979 officiosis-

224 1009 331 1071 simam
342 1008 634 1071 commendationem
644 1011 742 1074 filialis
749 1013 945 1076 observantia
954 1012 1130 1074 continuum
1139 1011 1365 1074 incrementum.

223 1105 318 1183 Digna
344 1104 468 1166 omnino
488 1104 545 1166 luit
558 1105 709 1188 Nobisque
725 1105 903 1190 peraccepta
916 1107 1087 1170 Sanctitatis
1100 1108 1213 1168 Vestrae
1230 1107 1260 1168 in
1280 1107 1368 1169 firmo

222 1210 326 1265 nostro
339 1223 410 1284 erga
433 1203 631 1266 orthodoxam
647 1206 820 1286 religionem
839 1206 937 1268 studio
948 1205 1076 1283 fiducia,
1091 1204 1166 1266 dum
1176 1204 1234 1279 sibi
1248 1223 1369 1284 persua-

223 1320 291 1362 sum
313 1302 419 1364 habuit
439 1320 518 1364 nova
531 1321 585 1365 sua
606 1323 662 1384 pro
685 1304 774 1383 hujus
792 1303 997 1366 incolumitate
1016 1301 1116 1363 officia
1130 1299 1335 1363 lubentissime
1351 1321 1369 1362 a

222 1403 313 1464 Nobis
338 1409 482 1484 excepta,
497 1403 618 1485 hecque
632 1404 701 1481 illo,
722 1421 783 1484 quo
798 1402 836 1464 ad
847 1404 907 1464 Nos
919 1400 1020 1463 delata
1033 1407 1101 1462 sunt
1115 1400 1215 1462 animo
1229 1400 1369 1462 conside-

223 1509 323 1563 ratum
336 1502 382 1564 iri.
396 1505 592 1584 Nequaquam
606 1501 688 1564 enim
700 1501 888 1576 dubitamus,
909 1498 1007 1560 eidem
1023 1499 1087 1576 jam
1109 1515 1264 1578 persuum
1277 1515 1368 1577 penes

225 1599 286 1660 Nos
309 1600 452 1661 nuntium·
468 1597 666 1680 apostolicum
688 1597 886 1660 venerabilem
909 1595 1171 1677 archiepiscopum
1187 1595 1369 1676 Ephesinum

228 1707 418 1780 compertum
432 1718 513 1778 esse,
533 1718 594 1781 qua
608 1718 703 1781 prona
725 1698 844 1779 penitus
864 1704 965 1759 mente
987 1704 1049 1759 tam
1072 1696 1244 1759 sanctitatis
1260 1699 1369 1760 vetra

224 1798 315 1861 litere
327 1799 376 1862 die
388 1799 530 1880 vigesima
543 1797 654 1860 mensis
671 1789 811 1878 preteriti
825 1795 863 1857 ad
876 1795 938 1856 llos
952 1794 1046 1871 date,
1064 1812 1157 1875 quam
1173 1794 1224 1856 illa
1241 1812 1259 1855 a
1276 1795 1368 1855 Nobis

224 1902 361 1977 suscepta
375 1895 501 1973 luerint,
514 1914 583 1975 quae
605 1893 744 1975 prelatus
756 1911 828 1954 suus
851 1893 972 1955 nuntius
992 1893 1060 1955 viva
1075 1893 1174 1954 adhuc
1188 1901 1261 1954 voce
1279 1912 1369 1974 super

223 2001 398 2071 presentem
422 1992 572 2072 religionis
593 1991 624 2053 in
645 1990 769 2052 Polonia
782 1997 894 2052 statum
918 1990 1070 2070 exposuit}
1085 1997 1150 2051 tam
1164 1989 1201 2050 ad
1213 1989 1280 2065 illa,
1303 2009 1369 2070 que

223 2088 370 2150 Sanctitas
381 2089 486 2149 Vestra
502 2105 556 2168 per
567 2086 681 2168 priores
692 2105 761 2148 suas
771 2086 872 2148 literas
887 2086 1007 2148 aNobis
1017 2086 1154 2167 expetiit,
1165 2085 1236 2146 nihil
1247 2085 1277 2145 in
1291 2085 1369 2145 datis

223 2185 262 2246 ad
280 2185 431 2248 ministros
451 2192 569 2247 nostros
587 2183 786 2265 recopolim,
803 2185 975 2247 Berolinnm
992 2192 1022 2247 et
1040 2185 1214 2248 Varsoviam
1227 2179 1368 2246 manditis

226 2283 372 2345 omissum
390 2283 464 2362 luit,
487 2272 704 2347 ut'orthodoxa
716 2284 747 2346 in
758 2289 927 2347 memorato
935 2303 1028 2365 regno
1040 2284 1114 2346 fides
1123 2284 1272 2364 hujusque
1283 2301 1368 2345 sacra

224 2396 344 2442 summo
358 2377 469 2443 conatu
483 2387 564 2443 sarta
579 2387 720 2462 tectaque
735 2388 900 2458 serventur,
913 2381 1119 2462 sanctitasque
1130 2382 1237 2441 Vestra
1249 2380 1368 2460 penitus

226 2495 259 2538 se
271 2485 385 2541 certam
403 2480 531 2558 tenebit,
543 2486 670 2542 conatus
689 2479 763 2557 hos,
779 2478 876 2556 omni,
891 2495 983 2559 quam
1001 2477 1181 2560 gravissme
1197 2477 1307 2539 ibidem
1321 2477 1369 2537 vi-

224 2571 411 2638 cissitudines
428 2575 523 2639 lerant
534 2576 650 2638 ratione
663 2581 875 2657 prosecuturos
888 2575 967 2654 lore3
984 2575 1142 2658 peculiaris
1153 2580 1257 2636 nostra
1266 2592 1322 2654 pro
1336 2593 1369 2635 re

223 2670 369 2734 catholica
382 2673 551 2736 sollicitudo
562 2679 777 2755 perspectaque
786 2673 872 2735 lacile
879 2671 1006 2754 proprie
1019 2670 1310 2735 sanctitatichstra
1319 2690 1369 2733 sa·
1444 2699 1446 2703 ·

223 2766 344 2845 gacitati
355 2764 634 2832 momenta'nullum
643 2768 772 2851 desuper
778 2769 876 2832 eidam
884 2769 1052 2851 relinquent
1061 2769 1186 2832 dubium
1193 2776 1223 2831 et
1233 2769 1369 2849 quamvis

225 2881 334 2942 anceps
357 2866 502 2927 acardus
521 2885 623 2928 rerum
643 2868 852 2947 polonicarrrm
868 2866 1001 2928 conditio
1021 2883 1150 2927 asserere
1170 2883 1230 2927 non
1251 2866 1368 2942 sinant,

223 2959 320 3038 qualis
333 2977 398 3021 esse
408 2965 501 3039 queat
514 2977 655 3022 curarum
673 2968 843 3021 nostrarum
857 2967 996 3037 eventus,
1011 2967 1113 3021 mmen
1126 2978 1217 3041 penes
1226 2968 1371 3022 constan-

225 3065 286 3118 tem
297 3075 420 3138 operam
434 3065 568 3119 nostram
579 3055 881 3137 nunquam'harebit,
893 3055 965 3137 quin
980 3056 1150 3118 sanctitatis
1160 3058 1282 3135 Vestrae,
1295 3076 1370 3120 nos-

225 3162 330 3235 traque
339 3154 512 3217 communia
523 3161 593 3217 vota
606 3160 778 3235 exoptatam
788 3159 984 3235 assequantur
995 3145 1120 3215 sortem.
1138 3155 1223 3215 Hanc
1231 3155 1367 3234 proinde,

225 3258 259 3313 ut
271 3268 431 3332 supremus
443 3269 545 3313 rerum
555 3249 679 3331 largitor
689 3256 794 3313 contra
803 3243 1097 3314 adversa'nrolimina
1106 3250 1225 3332 potenti
1231 3252 1369 3333 praesidio

159 3427 163 3435 ι
225 3350 339 3426 lovere,
355 3349 502 3430 simulque
517 3349 709 3411 sanctitatem
721 3350 861 3410 Vestram
870 3367 926 3430 pro
937 3355 1041 3411 nostro
1054 3356 1221 3432 sancteque
1232 3351 1368 3413 Ecclesia

226 3449 330 3510 solatio
344 3467 427 3511 seros
439 3450 472 3511 in'
488 3451 582 3511 annos
596 3448 775 3511 incolumem
787 3493 795 3523 ‚
806 3464 842 3508 ac
859 3446 1043 3509 fortunatam
1055 3453 1173 3510 servare
1186 3448 1272 3525 velit,
1288 3449 1369 3509 omni

224 3562 383 3608 exoramus
396 3546 523 3609 fervore.
539 3549 653 3609 Datum
671 3548 811 3617 Viennae,
827 3547 876 3606 die
893 3548 1036 3626 vicesimo
1047 3555 1154 3626 quinta
1172 3549 1279 3626 aprilis
1291 3566 1370 3607 antro

226 3648 383 3708 millesimo
395 3649 659 3724 septincentesimo
673 3648 887 3724 septauqeta‘mo
900 3649 1002 3715 lertio,
1018 3649 1103 3724 repat
1115 3649 1209 3705 nostri
1223 3645 1348 3704 decimo.

346 3770 517 3833 Sanctitatis
530 3771 643 3831 Vestra

774 3864 940 3948 obsequens
957 3864 1033 3929 lilius

1117 3991 1281 4046 londanus.
