3194 5354
474 492 658 548 EPISTOLAE
677 493 724 547 Et·
743 493 875 548 BREVlA
895 495 1133 551 seductione.
1321 497 1381 554 ²08

231 573 414 660 abstinentia¹
427 597 545 677 pensari
569 597 667 659 valeat
683 595 840 659 relaxatio.
856 597 991 659 Primum
1008 598 1126 680 itaque,
1145 599 1372 666 dilectissimi!

230 693 347 755 Christo
355 691 416 753 fllia
425 697 541 769 nostra,
555 708 594 753 ne
604 691 678 772 qaid
688 690 727 753 de
739 691 798 753 bac
811 711 845 754 re
855 692 1051 755 dubitationis
1063 695 1250 760 conscientia
1258 703 1318 760 tum
1330 697 1380 760 in-

123 851 128 866 ,
229 793 341 854 herere
354 789 464 872 possit,
475 809 654 872 persuasum
667 788 722 852 tibi
733 790 864 853 maxime
877 809 943 853 esse
958 789 1098 872 cupimus
1108 791 1226 871 omnia,
1240 811 1307 874 qum
1318 792 1379 856 buc

228 888 377 969 pertinent
386 933 395 965 ,
404 885 496 948 Nobis
507 885 730 967 diligentissime
747 904 813 948 esse
827 905 845 948 a
861 886 986 967 prelato
995 885 1193 953 dilectissimo
1205 889 1268 952 filio
1281 909 1379 972 expo-

228 985 299 1063 sita,
328 1004 364 1047 ac
386 985 556 1062 declarata,
581 985 702 1066 Nosque
726 1003 820 1047 causa
840 986 1153 1067 perspicuamque,
1179 997 1378 1072 accurateque

227 1101 371 1164 expensa,
392 1081 431 1143 de
451 1088 504 1143 tua
521 1081 665 1163 petitione
688 1081 861 1144 decernere.
878 1085 1077 1164 Quapropter,
1102 1085 1184 1166 quod
1203 1085 1234 1147 in
1250 1088 1378 1151 Domino

227 1181 398 1243 iaciendum
413 1179 603 1259 judicamus,
620 1179 796 1242 facultatem
807 1179 862 1242 tibi
880 1180 987 1243 diebam
999 1181 1105 1260 jejunii
1122 1183 1189 1262 lego
1201 1184 1314 1263 vetitis,
1326 1204 1379 1248 sa-

226 1270 444 1350 lubresearnes
466 1279 641 1343 comedendi
655 1278 820 1365 apostolica
841 1279 1021 1342 auctoritate
1033 1281 1249 1361 concedimus,
1263 1301 1300 1345 ac
1315 1284 1379 1346 im-

227 1382 384 1461 pertimur,
399 1398 434 1440 ac
450 1376 579 1440 etiamsi
597 1376 639 1439 ita
651 1374 848 1453 confessario,
863 1376 997 1457 itemque
1016 1377 1202 1441 medicatae
1215 1379 1375 1462 videbitur,

200 1475 418 1545 ‘moderatum
438 1476 615 1539 earumdem
642 1475 780 1537 carnium
803 1493 894 1537 usum
914 1475 1084 1556 vespertino
1104 1477 1272 1541 collationis
1295 1486 1377 1542 tern-

228 1595 300 1657 pore
322 1576 540 1666 permittimus,
565 1594 601 1637 ac
619 1573 819 1654 indulgemus.
839 1575 939 1655 Atque
957 1579 991 1635 ut
1007 1572 1106 1635 adbuc
1129 1574 1225 1655 magis
1244 1577 1327 1640 omni
1345 1585 1376 1641 te

227 1673 317 1741 animi
329 1674 478 1737 anxietate
491 1673 675 1751 eximamus,
690 1691 759 1734 eam
770 1671 884 1753 ipsam,
900 1689 960 1752 qua
974 1677 1005 1732 te
1016 1674 1147 1735 solutam
1160 1691 1225 1736 esse
1236 1673 1376 1739 declara-

227 1771 341 1851 vimus,
352 1770 520 1854 legemboc
533 1770 592 1833 alio
608 1776 850 1847 commutamus,
862 1767 1121 1848 quemadmodum
1132 1776 1258 1852 exoptas
1266 1789 1373 1850 onere,

226 1870 378 1949 videlicet,
398 1877 432 1933 ut
451 1869 584 1952 qualibet
601 1875 685 1931 serta
705 1865 909 1928 Hebdomade
929 1865 1004 1927 teria
1023 1866 1221 1930 inhonorem
1239 1869 1375 1951 quinque

224 1968 331 2030 Christi
356 1967 474 2029 Domini
493 1967 653 2046 Plagarum
673 1964 805 2046 quinque
824 1962 996 2026 Dominicas
1020 1965 1171 2028 orationes
1195 1972 1225 2027 et
1248 1967 1374 2030 totidem

224 2066 424 2128 Salutationes
443 2064 600 2145 Angelicas
624 2065 732 2126 devote
756 2064 882 2126 recitare
902 2062 1024 2125 debeas.
1047 2065 1230 2126 Permoleste
1251 2064 1374 2147 quidem

224 2164 365 2240 tulimus,
382 2162 576 2224 dilectissima
594 2162 625 2224 in
638 2161 754 2224 Christo
774 2161 835 2224 filia
854 2167 972 2239 nostra,
985 2160 1159 2239 hujusmodi
1175 2160 1260 2222 datas
1282 2162 1374 2225 Nobis

223 2277 304 2336 esse,
315 2267 349 2321 ut
360 2259 413 2321 tibi
423 2258 638 2339 gratificemur‚
653 2258 830 2323 valetudinis
846 2265 904 2321 tute
915 2277 1038 2337 causas,
1049 2257 1092 2319 ita
1104 2265 1206 2319 tamen
1220 2258 1374 2320 luculento

223 2376 296 2436 erga
310 2364 340 2418 te
352 2357 452 2420 animo
464 2357 496 2419 id
505 2356 632 2420 fecimus
639 2403 648 2436 ,
661 2365 696 2419 ut
706 2357 837 2420 maxime
846 2356 1005 2441 cupiamus
1020 2375 1114 2419 novas
1126 2356 1325 2438 imposterum
1338 2376 1374 2418 ac

221 2454 453 2533 jucundissimas
466 2456 574 2518 crebro
590 2456 774 2539 suppeditari
784 2456 878 2518 Nobis
889 2462 1048 2537 paternam
1061 2452 1158 2534 magis
1176 2453 1207 2514 in
1217 2452 1281 2514 dies
1292 2453 1374 2514 cari-

223 2558 317 2613 tatem
333 2552 386 2614 tibi
402 2553 533 2615 testandi
543 2599 551 2632 ,
562 2552 823 2635 confirmandique
841 2553 985 2616 rationes.
1002 2551 1087 2628 Quod
1097 2570 1134 2613 ex
1149 2550 1316 2631 ipsoetiam
1330 2550 1373 2611 di-

222 2647 300 2709 lecto
318 2648 379 2711 lilio
392 2649 537 2731 magistro
548 2651 680 2729 Herzan,
696 2649 745 2712 cui
762 2658 883 2712 nostros
895 2649 933 2710 de
953 2656 984 2710 te
1004 2666 1108 2711 sensus
1128 2647 1294 2728 patefactos
1307 2665 1372 2710 esse
1431 2678 1433 2683 >

222 2764 328 2811 coram
340 2746 505 2826 voluimus,
520 2747 701 2811 luculentius
714 2746 870 2828 intelliges.
884 2749 946 2808 Nos
959 2745 1089 2807 invicem
1108 2744 1256 2822 majorem
1267 2743 1297 2805 in
1307 2762 1373 2806 mo

221 2839 295 2903 dum
318 2840 498 2907 confidimus
520 2841 600 2919 iore,
628 2860 684 2924 pro
702 2849 809 2904 mutua
828 2848 882 2903 tua
904 2860 975 2921 erga
997 2842 1058 2902 Nos
1083 2840 1165 2902 filiali
1186 2840 1316 2920 pietate,
1339 2848 1372 2903 ut

220 2936 340 3017 egregia
358 2937 451 3000 Nobis
470 2937 646 3018 grauissimo
664 2938 725 3002 hoc
741 2956 866 3001 munere
884 2936 1078 3015 iungentibus
1097 2937 1128 2997 in
1149 2936 1372 3017 precationibus

223 3028 262 3091 ad
281 3032 378 3092 Deum
392 3031 451 3093 tuis
466 3033 599 3095 subsidia
617 3033 779 3098 constituta
792 3034 862 3094 sint.
876 3032 954 3094 Nihil
970 3050 1035 3092 esse
1053 3037 1112 3092 ate
1129 3030 1221 3092 Nobis
1239 3029 1369 3109 gratim,

222 3125 294 3187 nibil
312 3125 462 3191 devotioni
480 3128 511 3189 in
524 3128 730 3210 Apostolicam
742 3128 850 3191 Sedem
869 3134 929 3189 tuae
940 3127 1138 3209 opportunius
1152 3145 1298 3208 umquam
1308 3147 1371 3210 po-

221 3223 300 3285 terit.
312 3225 440 3288 Demum
449 3226 479 3288 in
491 3226 637 3290 uberioris
644 3227 750 3288 divina
760 3227 862 3309 gratim
874 3224 1052 3308 auspicium,
1062 3230 1230 3307 nostreque
1238 3224 1370 3288 caritatis

220 3321 328 3403 pignus
350 3322 546 3405 apostolicam
568 3325 809 3388 benedictionem
828 3325 899 3405 tibi,
917 3323 1159 3391 dilectissimam
1179 3321 1295 3386 Cbristo
1308 3323 1370 3388 filia

222 3427 340 3498 nmina,
357 3421 462 3487 intimo
473 3423 590 3504 paterni
603 3423 702 3487 cordis
716 3442 805 3488 sensu
818 3423 1022 3487 amantissime
1039 3423 1238 3506 impertimur.
1256 3424 1370 3488 Dalm

221 3519 332 3607 ltorqoe,
343 3528 413 3592 etc,
426 3521 475 3583 die
497 3534 533 3584 22
552 3524 697 3600 junuarii.
714 3534 802 3600 1772,
809 3525 1007 3602 pontificales
1021 3525 1121 3583 nostri
1139 3539 1217 3582 anae
1229 3526 1330 3583 tertio.

696 3727 869 3800 CLXXIX.

632 3876 821 3922 wilmus!
843 3877 957 3924 rmus

492 3965 633 4027 lotNltl
652 3965 839 4026 belsam
858 3966 1086 4038 mammio,

316 4069 514 4121 oosblmoltl
526 4072 651 4121 molan
665 4072 854 4123 mosronrcr
875 4071 1008 4122 nuum
1030 4070 1270 4127 ecclesarium,

528 4168 763 4247 CLEMENS
789 4171 918 4247 PAPA
945 4170 1053 4247 xlv,

425 4372 427 4377 ἲ
973 4311 1063 4366 Rome,
1079 4311 1108 4357 29
1117 4304 1219 4367 januarii
1234 4309 1302 4357 lm.

269 4392 461 4465 Venerabilis,
476 4402 531 4456 etc.
546 4395 725 4477 Accepimus
737 4416 774 4458 eo
785 4399 885 4477 plane,
896 4417 956 4478 quo
971 4397 1033 4476 ipse
1047 4395 1144 4476 cupis,
1156 4393 1365 4458 animalitates

222 4497 289 4554 tuas
300 4490 348 4553 die
363 4510 428 4553 xxx
443 4492 611 4554 decembris
630 4492 666 4553 ad
681 4494 742 4554 Nos
755 4491 853 4568 datas,
869 4489 1054 4553 Venerabilis
1068 4493 1182 4571 Frater,
1205 4491 1365 4573 exquibus
