3194 5354
375 497 554 552 EPlSTOLAE
574 495 618 549 ET
636 491 769 547 BREVlA
789 489 1022 547 smenona.
1237 496 1269 545 13

126 608 290 689 sequimur,
305 603 387 684 quod
400 602 500 682 reipsa
513 600 605 662 etiam
616 616 672 680 pro
683 596 908 680 opportunitate
923 595 1114 676 cupidissime
1128 596 1270 658 declarati

124 723 242 767 snmus.
262 702 387 767 Interim
399 702 429 761 in
444 700 544 779 huius'
554 697 716 780 pontificia
731 695 945 758 benevolentiae
954 694 1063 776 pignus
1074 693 1271 774 apostolicam

22 812 26 820 ⁴
128 800 368 864 benedictionem
385 795 457 873 tibi,
470 794 577 857 dilecte
589 793 649 867 fili,
669 792 778 856 nobilis
790 792 847 869 vir,
863 797 1054 873 peramanter
1069 791 1269 872 impertimur.

128 901 239 961 Datum
248 899 360 967 Romoe,
373 901 444 965 etc„
455 894 505 955 dic
517 903 552 954 15
555 893 634 971 julii
646 900 735 966 1769,
742 892 935 970 poctsfieatns
942 892 1039 952 nostri
1051 905 1130 950 caco
1138 893 1250 967 primo.

658 1161 732 1231 XV.

550 1305 716 1377 'naaacris
738 1333 835 1376 arans

342 1458 585 1523 REGTORIBUS
606 1458 900 1520 nnlvueslnauls
919 1457 1052 1521 sl'llnll

485 1592 641 1641 orvrrams
658 1591 788 1641 uosma
804 1591 915 1640 uranu
1001 1618 1004 1623 «
1101 1571 1105 1576 ’

440 1730 676 1813 CLEMENS
701 1732 827 1810 ΡΑΡΑ
854 1730 960 1808 XlV.

892 1910 984 1969 Romae,
999 1911 1025 1957 1⁵
1036 1905 1090 1967 julli
1110 1912 1178 1959 1709.

127 2036 129 2040 ‘
171 2031 301 2103 Dilecti,
323 2034 381 2089 etc.
398 2029 477 2089 lnter
497 2029 664 2092 commisse
683 2029 889 2111 Nobisnuper
909 2025 1054 2088 universe
1073 2025 1225 2103 ecclesie,
1242 2031 1273 2088 et

60 2156 62 2160 ν
129 2121 331 2185 maximorum
352 2123 557 2204 negotiomm,
579 2127 688 2207 quibus
715 2126 905 2188 vehementer
939 2123 1133 2199 distinemur,
1160 2122 1273 2184 sollici-

129 2220 248 2282 tudines
262 2221 421 2302 peculiaris
439 2227 541 2286 nostra
562 2224 672 2286 caritas
688 2224 781 2286 invos
792 2229 982 2309 vestramque
996 2221 1159 2298 civitatem,
1180 2238 1273 2300 quam

130 2317 248 2397 pridem
278 2324 309 2379 et
333 2317 463 2399 patriam
488 2338 523 2381 ac
548 2327 701 2402 parentem
724 2327 860 2408 nosuam
885 2317 1106 2401 reputavimus,
1134 2335 1215 2380 nunc
1240 2324 1274 2380 ut

130 2414 315 2477 carissimam
332 2414 425 2477 filiam
438 2415 677 2498 complectimur,
689 2416 772 2496 lacit,
791 2423 825 2479 ut
835 2414 1122 2498 perlibenteradvos
1138 2415 1273 2478 animum

131 2512 385 2595 cogitationesque
405 2519 523 2576 nostras
540 2532 735 2593 revocemus,
753 2521 785 2577 et
805 2519 962 2597 paternam
981 2519 1116 2595 nostram
1129 2530 1201 2592 erga
1220 2533 1274 2575 vos

129 2608 368 2674 benevolentiam
383 2612 483 2693 aliquo
500 2630 562 2675 non
572 2613 702 2675 obscuro
715 2612 824 2676 indicio
845 2618 985 2674 testatam
1002 2617 1146 2693 perpetuo
1175 2610 1273 2673 lacere

130 2708 298 2788 cupiamus.
312 2711 397 2770 Hanc
414 2715 550 2772 nostram
571 2727 688 2791 semper
700 2708 729 2770 in
754 2727 808 2772 vos
823 2709 950 2771 mirifice
964 2727 1147 2790 propensam
1164 2709 1274 2771 volun-

130 2811 223 2866 tatem
235 2807 330 2886 magis
341 2807 570 2869 etiamexcitant
579 2815 668 2889 atque
677 2807 865 2870 inflammant
872 2807 1058 2870 Venerabilis
1069 2807 1161 2869 frater
1172 2813 1274 2869 noster

130 2903 260 2963 loannes
278 2904 453 2966 Francisous
472 2906 502 2966 S.
518 2906 555 2966 R.
577 2907 613 2966 E.
626 2905 789 2967 Cardinalis
800 2906 944 2982 Albanm,
957 2911 988 2965 et
1002 2903 1102 2965 dilecti
1116 2904 1169 2964 filii
1181 2905 1274 2965 nostri

132 2996 298 3058 Alexander
315 3000 346 3058 S.
357 3001 394 3061 n.
409 3002 444 3061 E.
456 2999 620 3062 Cardinalis
630 3002 776 3077 Albanus,
788 3007 819 3061 et
829 3000 1008 3062 Benedictus
1021 3002 1053 3060 S.
1072 3001 1107 3058 ll.
1125 3002 1160 3059 E.
1175 3001 1275 3061 Cardi-

133 3091 208 3152 nalis
228 3094 394 3154 Veteranus
415 3095 495 3155 cives
516 3094 606 3155 vestri
630 3096 846 3170 amantissimi,
864 3113 941 3175 qnos
963 3096 1003 3155 ob
1026 3094 1160 3174 egregias
1182 3098 1273 3159 animi

132 3189 235 3252 laudes
247 3190 368 3272 plurimi
378 3190 520 3271 facimus,
536 3199 566 3254 et
579 3193 619 3254 ob
631 3193 765 3254 maxima
772 3193 802 3254 in
814 3194 876 3255 Nos
888 3192 996 3254 merita
1011 3193 1099 3255 unice
1110 3192 1272 3273 diligimus.

131 3285 379 3349 llioumvestram
385 3289 481 3352 inNos
489 3289 753 3352 observantiamac
760 3289 902 3370 pietatem
909 3288 1066 3369 diligenter
1072 3289 1274 3372 declararunt,

131 3392 197 3446 lum
206 3384 341 3463 ejusdem
351 3385 499 3466 optimum
509 3406 545 3448 ac
553 3387 777 3469 optatissimum
785 3386 872 3448 nobis
882 3389 1273 3469 argumentumretulerunl,

132 3481 274 3543 nimirum
290 3483 489 3563 compositam
508 3488 540 3545 et
552 3482 702 3545 sublatam
715 3483 781 3562 jam
792 3500 857 3544 esse
871 3482 1104 3545 controversiam
1114 3483 1197 3546 illam
1209 3505 1275 3567 que

132 3578 280 3657 intervos,
293 3598 329 3641 ac
337 3579 413 3662 inter
422 3580 547 3642 dilectos
554 3579 632 3644 filios
640 3580 772 3644 minores
778 3581 990 3643 conventuales
1001 3581 1086 3644 istius
1096 3582 1276 3645 urbisSera-

134 3676 238 3756 pbicos
257 3682 358 3758 patres
375 3675 492 3756 jamdiu
507 3675 719 3754 intercedebat,
734 3662 862 3757 eamque
879 3676 973 3738 nostri
991 3676 1163 3738 demerendi
1179 3680 1276 3759 gratia

135 3774 324 3853 potissimum
349 3774 453 3835 initam
477 3771 568 3835 fuisse
584 3773 787 3835 concordiam.
809 3775 905 3848 Qam
922 3773 1073 3853 ingentem
1092 3773 1162 3836 inde
1172 3760 1276 3858 volup

134 3879 228 3935 tatem
237 3874 338 3936 animo
351 3873 530 3955 ceperimus,
541 3870 629 3934 facile
648 3871 807 3953 perspiciet
820 3871 990 3953 quicunque
1008 3871 1171 3953 intelliget,
1183 3893 1276 3955 quam

135 3971 274 4052 singulari
289 3970 387 4034 studio
401 3990 472 4053 erga
489 3964 679 4053 seraphicum
689 3968 838 4048 ordinem,
854 3970 885 4031 in
898 3987 959 4050 quo
978 3969 1029 4031 alti
1047 3976 1137 4051 atque
1156 3971 1276 4033 educati
1385 4001 1387 4005 ’

136 4069 266 4150 plurima
285 4069 383 4131 eidem
405 4089 423 4131 a
444 4069 530 4132 nobis
553 4074 676 4150 accepta
694 4068 849 4132 referenda
865 4060 932 4132 ‘esse
949 4068 1136 4151 profitemm,
1151 4069 1275 4132 animati

135 4185 200 4228 esse
221 4166 396 4246 debeamus,
417 4185 568 4249 quamque
579 4167 652 4229 ilem
676 4165 776 4229 allecti
795 4182 867 4247 erga
885 4185 949 4245 vos,
962 4172 1152 4246 vestramque
1169 4166 1275 4252 urbem

138 4263 245 4343 simus,
258 4265 343 4344 eujus
359 4265 389 4327 in
403 4283 459 4328 nos
470 4263 675 4346 familiamque
696 4270 832 4327 nostram
844 4263 976 4345 plurima
995 4262 1140 4348 nobisque
1164 4281 1274 4347 accep-

137 4359 251 4423 tissima
263 4363 374 4424 amoris
387 4371 581 4425 monumenta
594 4381 713 4444 semper
726 4362 897 4425 entitemnt.
910 4364 1012 4441 ltaque
1023 4366 1170 4441 quantum
1188 4372 1276 4426 antea

137 4457 279 4520 molestiae
291 4460 461 4539 hujusmodi
473 4460 764 4525 controversiaeinter
773 4466 872 4542 partes
882 4457 974 4520 Nobis
987 4459 1156 4524 carissimas
1168 4460 1277 4523 allete-
