3194 5354
469 445 650 503 EPISTOLAE
668 448 714 503 ET
733 447 865 502 sltem
881 446 1118 504 saltatione.
1332 457 1369 520 ιδ

223 553 324 621 nanda
340 573 420 618 nova
431 550 606 615 collectione
620 569 746 634 operum
757 553 789 613 S.
805 553 1034 630 Bonnventurn,
1056 560 1146 635 prout
1161 554 1193 615 in
1202 553 1372 635 prodromo

224 650 262 714 ad
275 651 338 713 Nos
351 650 460 727 misso,
476 653 566 730 atque
582 647 613 709 in
626 647 755 729 epistola
769 655 823 710 tna
833 646 926 710 Nobis
937 648 1125 730 significasti,
1140 651 1257 714 etiamsi
1280 653 1369 718 nulle

223 751 288 813 alio
301 749 431 815 rationes
441 748 563 829 insuper
575 745 769 824 secederent,
782 744 823 808 ob
835 745 1016 827 singularem
1033 752 1134 811 tamen
1146 753 1283 813 nostram
1295 767 1373 831 erga

223 848 441 909 S.·Doctcrem
454 842 644 906 devotionem
661 842 815 926 ipsiusque
836 841 979 906 doctrino
1000 845 1212 926 promovende
1234 846 1368 911 studium
1399 918 1422 937 .

223 960 406 1025 magnopere
416 939 623 1024 probaremus.
635 940 710 1002 Gom
724 946 825 1003 antem
842 946 945 1004 nostro
966 942 1081 1005 nomini
1099 943 1260 1008 inscribere
1280 962 1368 1027 egre-

226 1040 310 1121 gium
324 1038 399 1103 illud
418 1055 496 1120 opus
506 1035 579 1102 velis
585 1044 641 1114 ‚et
661 1036 721 1099 hoc
741 1043 800 1099 tue
819 1037 850 1099 in
863 1039 924 1100 Nos
942 1055 979 1100 ac
996 1039 1027 1122 S.
1042 1037 1161 1114 Sedem
1172 1039 1369 1105 observantie

225 1133 441 1212 testimoninm,
449 1137 481 1195 et
494 1138 629 1194 nostram
640 1131 732 1194 etium
742 1150 814 1214 erga
823 1139 940 1196 tantum
947 1134 1107 1198 doctorem
1114 1136 1260 1218 pietatem
1265 1137 1369 1219 palam

224 1231 368 1294 omnibus
380 1248 435 1312 per
447 1220 480 1292 te
490 1227 557 1290 lieri
566 1226 659 1291 Nobis
669 1229 726 1290 erit
739 1229 991 1313 acceptissimum.
1001 1234 1144 1314 Pergroto
1154 1234 1256 1317 itaque
1267 1234 1368 1298 animo

226 1329 411 1413 excipiemus
424 1329 455 1392 in
466 1328 585 1391 duabus
595 1328 821 1392 collectionibus
830 1330 922 1392 Nobis
935 1329 1070 1392 dicendis
1080 1338 1113 1393 et
1125 1330 1227 1394 dilecti
1239 1330 1293 1395 lilii
1306 1333 1369 1396 mi-

224 1427 310 1490 nistri
326 1427 486 1509 generalis,
497 1433 529 1489 st
541 1433 599 1489 tun
610 1425 640 1487 in
650 1427 712 1488 Nos
722 1426 883 1490 voluntatis
895 1432 958 1488 tam
970 1427 1188 1508 preclarum
1158 1445 1272 1509 pugnus.
1278 1434 1368 1512 etque

223 1527 368 1589 eximium
377 1525 408 1588 id
419 1541 532 1593 munus
547 1541 584 1585 eo
594 1521 689 1604 pluris
701 1541 720 1585 a
730 1522 818 1585 nobis
826 1522 965 1585 nstrmnrr
956 1522 1161 1632 profitemur
1174 1543 1236 1607 qno
1247 1525 1368 1590 uberius

226 1625 266 1688 de
280 1631 310 1687 te
329 1642 365 1688 ao
376 1629 535 1706 prestante
548 1628 601 1682 tua
611 1618 763 1698 doctrino,
778 1638 815 1682 nc
832 1620 862 1682 in
878 1625 942 1681 tam
955 1604 1066 1699 ingenti
1085 1638 1176 1703 opere
1186 1606 1369 1704 perficiendo

225 1720 371 1783 industrio
384 1737 420 1781 no
432 1716 588 1800 diligentia
600 1715 750 1794 judicium
768 1715 905 1780 iacimus.
918 1719 957 1780 Et
972 1717 1115 1799 qnoniam
1132 1717 1268 1782 laborem
1286 1717 1369 1785 bunc

224 1829 314 1884 tuum
331 1819 522 1903 profuturum
542 1834 603 1879 non
617 1815 808 1880 mediocriter
816 1835 971 1898 speramus
981 1833 1041 1879 non
1055 1816 1154 1880 solnm
1168 1817 1247 1881 adS.
1260 1820 1368 1882 Docto-

224 1917 266 1981 ris
282 1918 445 1992 bonorem,
461 1915 514 1977 sed
532 1913 571 1976 nd
583 1912 755 1975 divinarum
769 1930 870 1975 rernm
882 1912 1016 1975 studium
1029 1911 1142 1994 licique
1152 1913 1280 1993 gloriam
1299 1901 1368 1976 am-

222 2014 427 2098 plificandam,
439 2011 553 2073 boum
546 2027 825 2120 rpsumprscamur,
837 2011 1369 2093 ntineoquomprimumadexltum

224 2109 421 2196 perducendo
430 2127 518 2190 pares
531 2108 626 2170 tibi
599 2125 677 2170 vrres
687 2108 847 2189 gratiasque
860 2129 922 2173 suo
931 2109 1068 2192 presidia
1087 2108 1269 2193 suppeditet
1283 2112 1368 2173 lnte-

223 2209 282 2277 rim
297 2207 352 2271 tibi
372 2205 463 2268 divini
483 2204 573 2284 anus
593 2202 664 2266 doni
682 2205 836 2287 auspicem
858 2207 1055 2288 apostolicam
1077 2207 1317 2293 benedictionem
1338 2209 1367 2270 in

224 2312 334 2383 nostras
346 2305 437 2367 etism
450 2321 521 2383 erga
538 2308 568 2365 te
587 2302 721 2366 caritatis
738 2311 949 2385 argumentum
963 2311 1154 2388 peramanter
1166 2304 1366 2388 impertimur.

168 2461 174 2470 .
223 2405 335 2469 Datum
345 2400 1366 2495 Romo,etc.,dieojanoostitsro,ponttytcotmnostn'onnoprtmo.

706 2531 882 2545 ἠ

766 2633 818 2703 Ll.

472 2799 649 2860 canrssr-rro
667 2799 702 2842 ιιι
725 2797 857 2844 cnnrsro
876 2782 967 2844 ιιιιο
991 2800 1109 2843 nosrno

374 2904 540 2966 Josnrflo
560 2903 841 3006 PORTUGALLIm
862 2905 910 2964 ΕΤ
930 2903 1211 2966 ΑΙιῦΑΒΒΙοΒΙΙΜ

650 3025 725 3074 anor
741 3024 941 3078 rrnmrssmo

530 3127 764 3206 CLEMENS
791 3130 920 3206 PAPA
947 3129 1053 3207 XIV.

979 3272 1304 3335 rodenmannum
1370 3240 1373 3244 ⁵

264 3388 436 3455 durissime,
449 3389 507 3448 etc
519 3382 852 3464 Mittimusedltagiam
861 3383 1049 3462 llajestotem
1059 3376 1368 3443 Tnamvcnerabilem

225 3484 349 3546 tratrem
363 3479 572 3542 Innocentium
583 3479 624 3542 de
637 3479 803 3542 Comitibus
817 3479 1077 3560 archiepiscopum
1093 3475 1164 3558 ‘lysi
1185 3481 1322 3538 nostrum
1337 3483 1369 3538 et

224 3578 394 3662 apostolicae
413 3576 492 3639 sedis
509 3574 700 3639 Ordinariurn
719 3575 800 3658 apud
813 3583 843 3638 to
855 3574 991 3639 futurum
1013 3573 1183 3651 Nunnium,
1211 3576 1301 3653 atqua
1325 3572 1368 3635 ito

224 3674 384 3753 mittimus,
397 3681 431 3737 ut
448 3674 480 3737 id
494 3674 693 3737 cumulatiore
709 3674 800 3736 animi
817 3673 911 3737 nostri
931 3672 1032 3735 studio
1050 3691 1086 3734 ac
1098 3670 1252 3751 voluptate
1269 3667 1368 3730 iacere

223 3790 416 3855 nequeamus.
433 3774 546 3836 mnne
558 3772 640 3835 enim
650 3772 726 3836 inter
736 3774 797 3836 Nos
811 3771 978 3836 concordio
992 3777 1083 3851 atque
1096 3768 1208 3832 amoris
1220 3767 1285 3831 boc·
1294 3774 1369 3831 tenr-

222 3887 297 3951 pore
310 3874 400 3952 atqrm
417 3870 499 3932 hunc
512 3871 543 3932 in
560 3870 685 3933 modum
701 3869 784 3934 iacta
796 3869 988 3951 reintegratio
1003 3874 1090 3947 tanto
1100 3863 1370 3951 Nos-iucunditatis

223 3965 316 4030 afficit
335 3983 444 4041 ιιιιιιιι,
463 3968 567 4048 quanti
584 3970 643 4045 Te,
658 3967 817 4031 Carissimo
835 3968 868 4031 in
887 3966 1005 4031 cbristo
1017 3965 1059 4028 fili
1078 3970 1193 4039 noster,
1212 3964 1252 4026 ob
1266 3963 1368 4042 regins

224 4063 387 4144 singulares
397 4064 521 4127 virtutes
531 4072 608 4129 tuas
625 4065 690 4128 lieri
709 4064 819 4128 debere
832 4062 1043 4145 intelligimus,
1055 4069 1230 4144 quantoque
1247 4058 1368 4122 mctiori

223 4177 302 4222 nexu
311 4179 427 4242 ,quom
436 4180 570 4243 unquam
581 4162 709 4227 fortasse
719 4162 787 4242 furt
798 4163 877 4224 banc
887 4160 963 4223 rnter
975 4177 1030 4223 nos
1038 4160 1182 4241 pietatem
1191 4155 1368 4234 adstrictam

223 4256 259 4317 iri
278 4256 473 4353 imposterum
493 4259 683 4322 confidimus.
699 4263 775 4322 Cum
788 4260 878 4369 igitur
892 4258 930 4321 nd
944 4264 973 4323 te
987 4258 1161 4338 delegamus
1175 4255 1290 4316 Virum
1290 4253 1367 4338 ,qni

224 4353 263 4416 ad
280 4354 491 4435 antiquissimu
510 4357 619 4420 domus
640 4358 751 4420 deeora
775 4356 866 4420 animi
885 4355 977 4417 etiam
1000 4354 1200 4417 nobilitatem
1213 4350 1364 4431 adjmrgit,

224 4468 323 4541 neque
336 4452 431 4532 magis
450 4454 598 4535 blojorum
611 4478 734 4521 suornm
748 4459 879 4523 meritis.
871 4474 988 4537 quam
1004 4449 1131 4534 propriis
1148 4449 1211 4531 ipse
1227 4446 1366 4531 laudibus
