3194 5354
475 447 655 504 nulsione
669 447 716 503 ET
732 448 867 503 ausvis
887 446 1121 505 sacratione.
1293 438 1308 449 ”
1321 453 1372 505 tus

224 549 373 630 pretiosus
386 551 470 612 Beati
479 551 585 613 iacobi
599 552 720 632 sanguis
733 553 885 634 expositus
899 560 980 628 erat,
995 554 1120 614 Sacrum
1131 552 1267 629 fecimus,
1283 552 1372 634 idque

225 647 326 726 ipsum
344 665 400 728 pro
416 647 474 709 bac
494 647 683 729 impetranda
704 649 859 711 communi
878 648 1019 710 felicitate
1037 651 1099 710 Deo
1113 649 1193 710 Patri
1212 648 1373 712 offerentes

224 743 404 824 Apostolum
418 744 502 807 illum
515 751 630 826 quanto
648 746 803 826 potuimus
820 746 911 808 animi
926 746 1034 808 ardore
1049 745 1189 808 adhibere
1204 746 1373 826 adjutorem

225 855 262 899 ac
281 838 509 920 deprecatorem
521 841 741 905 contendimus.
764 841 813 905 Ad
830 842 1003 921 hujusmodi
1020 842 1293 924 opportunissime,
1306 861 1373 924 que

223 954 261 996 cx
274 937 383 999 nostris
400 937 438 999 ad
449 941 544 1000 Deum
558 939 635 1002 votis
650 940 799 1020 proticisci
818 959 874 1022 pro
894 946 924 1001 te
944 941 1064 1021 tuisque
1076 949 1204 1021 possunt
1224 940 1372 1021 praesidia,

224 1036 393 1116 apostolice
420 1037 635 1101 benedictionis
666 1040 796 1101 salutare
827 1058 937 1102 munus
964 1039 1164 1120 adiungimus,
1199 1040 1280 1121 quod
1306 1041 1372 1114 tibi,

223 1133 375 1196 carissime
399 1135 430 1196 in
450 1136 565 1198 Christo
583 1137 625 1199 lili
643 1144 755 1212 noster,
775 1137 917 1218 omnique
940 1138 1037 1218 Regia
1059 1138 1262 1200 Dilectissimo
1283 1137 1374 1199 Nobis

224 1229 254 1291 in
274 1230 392 1292 Christo
407 1232 538 1294 Familioe
549 1233 655 1296 intimo
668 1232 784 1316 paterni
799 1232 898 1297 cordis
909 1253 999 1298 sensu
1017 1236 1220 1299 amantissime
1236 1236 1374 1317 imperti-

223 1346 302 1390 mur.
319 1331 431 1392 0111111
442 1331 553 1402 Rome,
567 1332 618 1394 die
631 1336 864 1412 primocagustt
882 1343 970 1411 1111,
978 1338 1171 1414 mittentes
1184 1339 1278 1396 castrt
1293 1350 1374 1395 111111

224 1430 322 1490 tertio.

761 1654 824 1724 CL.

682 1818 816 1862 uluecro
837 1818 923 1862 amo

462 1921 701 1995 uusuanms,
724 1924 917 1984 cauoulcu
938 1925 1134 1986 REGULARI

285 2045 414 2095 oanmrs
431 2046 644 2096 smmrssmrs
655 2047 832 2095 rmmrmrs
848 2046 1080 2096 amnuerroms
1096 2047 1311 2109 cammoauu,

535 2149 770 2230 CLEMENS
798 2153 925 2229 PAPA
954 2152 1057 2230 XIV.

1008 2313 1101 2369 nomes,
1114 2309 1232 2372 leugustl
1244 2312 1312 2359 1171.

229 2405 231 2410 ’
263 2415 394 2487 Dilecta,
414 2421 469 2477 111.
484 2416 663 2498 Accepimus
683 2417 786 2479 literas
800 2424 868 2478 tuas
880 2415 999 2497 pietatis
1011 2415 1040 2476 in
1055 2416 1117 2476 Nos
1130 2414 1376 2477 ac‘observantia

221 2512 408 2594 plenissimas
423 2533 483 2576 una
497 2532 567 2576 cum
581 2514 693 2576 Libello
704 2512 931 2593 elegantissimis
943 2512 1023 2594 typis
1034 2512 1194 2592 impresso,
1209 2511 1375 2593 1111111011-

221 2611 457 2691 11111111111111
477 2611 582 2692 patrie
596 2612 746 2674 excidium
760 2612 888 2693 lugentis
903 2611 1018 2692 gallicis
1036 2610 1169 2673 versibus
1191 2611 1372 2694 expressisti.
1419 2692 1422 2697 Δ

222 2709 350 2789 Operam
363 2714 447 2770 tuam
464 2710 604 2787 preclare
621 2711 752 2791 positam
769 2730 788 2772 a
805 2716 835 2773 te
848 2728 912 2773 esse
931 2709 1157 2773 arbitramurin
1177 2727 1215 2773 co
1233 2710 1375 2773 uomodo

221 2805 322 2866 divino
344 2812 429 2882 vate,
449 2808 536 2886 cujus
550 2807 766 2869 sublimitatem
780 2808 957 2889 assequemi
974 2807 1030 2870 etsi
1048 2809 1132 2871 nulla
1143 2825 1212 2889 spes
1223 2826 1289 2870 esse
1308 2808 1376 2870 cui-

220 2919 314 2981 quam
331 2903 442 2981 possit,
460 2911 596 2965 secutum
620 2911 722 2965 tamen
735 2903 839 2982 luisse,
854 2924 890 2966 ac
907 2905 1044 2986 propius,
1068 2904 1169 2985 quoad
1187 2905 1250 2966 lieri
1265 2910 1374 2984 potest,

223 2998 383 3060 accessisse
401 3000 432 3060 in
446 3000 578 3062 maxima
594 3000 683 3062 debet
702 3000 791 3061 laude
813 3001 977 3068 numerari.
997 3003 1095 3074 Quare
1113 2999 1143 3060 id
1162 2999 1261 3080 ipsum
1276 3005 1334 3059 ate
1345 3006 1376 3059 et

222 3102 408 3175 susceptum,
424 3102 454 3156 et
476 3095 515 3157 ad
535 3095 649 3158 exitum
667 3095 847 3176 perductum
866 3115 930 3158 esse
952 3096 1144 3157 vehementer
1169 3093 1222 3155 tibi
1239 3094 1376 3173 gratula-

222 3211 303 3269 mur,
323 3210 421 3274 neque
439 3193 539 3255 minus
560 3200 648 3255 tuum
662 3193 701 3254 de
716 3191 867 3272 religionis
889 3193 982 3254 rebus
1001 3190 1146 3270 studium,
1166 3208 1258 3271 quam
1277 3192 1376 3253 excul-

221 3288 373 3350 tissimum
387 3288 417 3349 in
431 3288 598 3369 pangendis
609 3288 745 3351 versibus
758 3287 910 3370 ingenium
925 3288 1127 3369 agnoscimus.
1147 3289 1250 3368 ltaque
1266 3306 1377 3351 munus

222 3387 281 3448 hoc
298 3394 386 3449 tuum
401 3405 438 3449 co
459 3407 478 3449 a
498 3387 591 3450 Nobis
606 3386 702 3469 excipi
723 3387 825 3450 animo
845 3387 899 3449 tibi
920 3386 1087 3468 persuade,
1101 3404 1163 3467 quo
1187 3388 1221 3447 tu
1242 3385 1374 3449 maxime

223 3485 314 3563 velis,
335 3492 530 3568 nostramque
548 3488 606 3549 hac
624 3487 716 3549 etiam
735 3486 772 3548 de
783 3505 875 3548 causa
888 3486 1051 3567 plurimam
1069 3503 1134 3547 esse
1148 3503 1220 3563 erga
1236 3485 1376 3547 11111111-

223 3584 403 3659 volentiam,
417 3585 503 3663 cujus
518 3585 572 3646 tibi
591 3585 707 3647 fructus
723 3591 832 3665 presto
850 3582 969 3665 semp‘er
991 3603 1047 3664 pro
1065 3582 1291 3663 opportunitate
1311 3581 1375 3643 lore

223 3681 410 3763 pollicemur.
431 3684 495 3758 Qua
506 3683 597 3763 igitur
608 3682 718 3744 eximia
733 3681 857 3744 caritate
875 3700 947 3761 erga
958 3680 1131 3741 universum
1143 3685 1277 3740 vestmm
1290 3678 1375 3739 Ordi-

223 3800 312 3860 nem,
329 3789 362 3844 ut
377 3783 475 3859 nosti,
491 3800 613 3858 sumus,
626 3781 761 3860 ejusdem
782 3798 843 3842 non
865 3779 1050 3841 mediocrem
1066 3777 1096 3838 in
1111 3784 1140 3838 to
1160 3775 1287 3837 derivari
1301 3794 1376 3856 par-

224 3885 302 3956 tem,
316 3881 367 3960 qui
380 3881 535 3943 laboribus
548 3879 610 3942 tuis
625 3879 717 3960 ipsius
733 3897 844 3958 augere
858 3877 1058 3958 splendorem·
1071 3874 1186 3951 studes,
1204 3893 1240 3935 ex
1256 3880 1375 3954 aposto

224 3976 283 4037 lica
292 3976 383 4038 etiam
396 3977 605 4041 benedictione
622 3995 731 4058 capere
744 3981 831 4057 potes
845 3979 1068 4054 argumentum,
1083 3989 1175 4053 quam
1186 3970 1252 4049 tibi,
1266 3970 1375 4033 dilecte

225 4072 278 4149 lili,
291 4080 479 4153 peramanter
497 4072 698 4156 impertimur.
713 4072 828 4135 Datum
841 4072 953 4143 Rome,
967 4077 1038 4146 etc,
1055 4071 1132 4133 diet
1149 4072 1270 4148 augusti
1286 4078 1373 4145 1771,

222 4174 416 4248 pontificatus
430 4178 526 4232 nostri
537 4192 614 4232 ortuo
627 4177 724 4234 tertio.
