3194 5354
617 486 842 542 DOCUMENTA
862 487 984 541 VARiA.
1324 493 1370 544 361

231 611 356 674 pergas,
376 611 436 671 quo
450 592 564 652 nuttam
583 611 618 651 ex
631 592 736 654 deietae
750 592 900 653 societatis
918 592 988 652 viris
1003 591 1040 652 ad
1054 611 1155 654 sacros
1170 593 1288 655 ordines
1301 612 1376 675 pro-

230 707 368 764 moveas,
382 706 492 767 eosque
505 687 545 747 ita
564 707 666 748 arceas
681 708 699 749 a
713 687 837 765 scholis,
851 693 881 747 et
899 687 1119 767 dispensatione
1141 687 1375 750 ministeriorum

235 784 304 861 Dei,
321 789 353 845 ut
373 803 438 863 quae
458 783 487 843 in
509 784 682 864 apostolico
699 785 785 846 Brevi
800 784 859 848 bac
872 785 901 844 in
922 802 954 846 re
969 783 1131 846 constituta
1143 790 1230 859 sunt,
1252 785 1375 848 immota
1495 833 1511 860 ,

230 882 372 943 continuo
389 887 546 956 maneant,
561 882 737 961 nullumque
748 881 871 941 omnino
884 880 1097 941 detrimentum
1110 881 1273 959 patiantur.

247 1028 250 1035 .
269 977 391 1038 Interim
409 979 552 1038 Summus
565 976 628 1058 ipse
643 978 778 1039 Pontifex
795 978 906 1038 nedum
916 980 1010 1039 Deum
1021 978 1173 1059 Optimum
1188 979 1353 1043 Maximum
1365 1030 1373 1059 ,

229 1096 247 1136 a
266 1094 327 1156 quo
347 1082 451 1137 sancta
470 1074 617 1137 desideria
629 1082 660 1136 et
671 1077 753 1155 justa
770 1081 839 1137 sunt
852 1093 961 1156 opera,
973 1075 1126 1138 humiliter
1146 1075 1302 1138 obsecrare
1315 1095 1375 1138 non

229 1172 358 1250 destitit,
382 1179 416 1233 ut
433 1171 558 1233 sublatis
580 1170 645 1253 qua
667 1172 807 1234 inimicus
835 1172 927 1233 bomo
952 1172 1218 1253 superseminavit,
1242 1172 1375 1248 zizaniis,

229 1278 333 1333 avocet
361 1270 484 1333 tandem
503 1270 673 1334 diffidentiae
693 1272 772 1334 filios
783 1318 792 1349 ,
813 1290 978 1353 eorumque
1001 1273 1111 1353 dirigat
1128 1272 1325 1353 cogitationes
1347 1280 1376 1336 et

229 1386 321 1449 opera
341 1367 538 1447 adjustitiam
549 1367 732 1447 faciendam,
751 1385 855 1430 verum
876 1368 966 1429 etiam
984 1387 1055 1428 cum
1074 1369 1272 1448 potentissimi
1286 1368 1377 1448 hujus

228 1464 306 1543 regis
317 1464 450 1544 egregias
463 1465 548 1526 dotes
560 1464 819 1546 perspectissimas
839 1464 946 1539 habet,
967 1464 1055 1525 enixa
1070 1464 1149 1545 apud
1164 1466 1249 1527 ilium
1259 1466 1375 1545 jamdiu

230 1560 375 1640 impendit
389 1561 499 1639 studia,
510 1568 544 1622 ut
558 1562 732 1641 Apostolico
743 1560 828 1621 Brevi
843 1560 944 1622 liberae
955 1560 1161 1641 relinquantur
1171 1562 1266 1639 ades,
1280 1581 1315 1624 aa
1326 1561 1377 1623 de-

221 1651 296 1717 ietae
306 1657 456 1719 societatis
467 1657 605 1719 homines
613 1658 701 1737 juxta
710 1657 922 1719 saluberrimas
933 1657 1012 1719 iilius
1022 1656 1103 1737 leges
1116 1675 1171 1719 saa
1187 1659 1377 1740 potissimum

229 1754 260 1816 in
279 1754 390 1816 ditione
404 1754 622 1817 contineantur.
635 1757 715 1817 Neve
732 1755 826 1817 immo
837 1753 958 1831 omnia,
969 1773 1034 1834 quar
1047 1756 1093 1815 vei
1106 1755 1144 1816 ab
1159 1756 1250 1835 hujus
1260 1757 1376 1818 Sancta

230 1852 313 1913 Sedis
337 1852 532 1930 auctoritate,
555 1853 602 1914 vel
629 1871 648 1913 a
671 1856 795 1933 paterna
819 1851 955 1931 ejusdem
980 1851 1131 1932 pontificis
1153 1853 1242 1933 piane
1273 1853 1378 1915 intima

228 1949 353 2012 caritate
371 1948 555 2030 suppeditari
568 1949 621 2010 tibi
640 1956 784 2030 possunt,
802 1948 976 2028 adiumenta
990 1948 1104 2028 desint,
1122 1951 1264 2032 epistolas
1283 1970 1378 2013 eves-

229 2049 303 2129 tigio
322 2049 386 2110 dari
401 2047 490 2127 jussit
506 2055 572 2109 tum
587 2048 624 2108 ad
642 2046 841 2128 apostolicum
859 2046 989 2109 Paionia
1005 2047 1172 2125 Nuncium,
1188 2054 1254 2108 tum
1268 2048 1305 2109 ad
1324 2051 1378 2109 rtr-

230 2146 455 2226 cbiepiscopam
467 2147 664 2224 Pragensem,
685 2150 718 2207 ut
732 2143 850 2205 coilatis
868 2144 958 2205 veluti
980 2145 1128 2223 consitiis,
1151 2144 1329 2221 offensioni,
1348 2152 1377 2203 et

229 2243 386 2321 scandala,
399 2244 485 2325 queis
496 2243 679 2304 commoveri
691 2241 795 2305 fideles
808 2247 947 2324 possent,
962 2260 1083 2304 summo
1096 2242 1196 2305 studio
1205 2248 1376 2314 occurrant,

230 2344 319 2419 atquc
333 2341 407 2402 alter
423 2341 460 2402 ad
474 2340 607 2402 debitam
619 2339 688 2401 Sedi
703 2339 882 2422 Apostolicae
896 2339 1096 2401 obedientiam
1117 2359 1169 2403 eos
1189 2340 1305 2416 flectat,
1326 2338 1377 2419 qui

229 2437 320 2499 modo
334 2437 488 2516 degentia
503 2438 639 2499 Glacensi
659 2439 822 2503 Borussica
836 2439 957 2502 ditionis
970 2440 1116 2520 collegio,
1138 2440 1213 2502 aiter
1233 2438 1376 2500 auritium

231 2533 317 2615 itegis
331 2534 489 2616 efflagitet,
504 2554 542 2597 ne
562 2534 679 2598 veritati
693 2537 844 2600 silentium
859 2537 1018 2616 indicatur,
1034 2538 1212 2620 alanturque
1222 2537 1261 2615 ii,
1275 2536 1326 2618 qui
1339 2537 1379 2598 ab

229 2631 379 2693 audimtia
392 2632 471 2693 Petri
483 2651 557 2695 voca
568 2652 600 2695 se
611 2631 780 2715 abducant,
791 2636 891 2718 regale
904 2635 1065 2717 imperium
1077 2655 1148 2699 cum
1159 2635 1298 2700 Ecclesia
1307 2634 1378 2716 legi·
1436 2660 1441 2665 ·
1453 2695 1455 2699 ,

228 2726 286 2788 bus
300 2728 450 2791 immerito
462 2725 703 2794 commiscentes.

267 2830 310 2887 Te
325 2847 395 2889 vcro
415 2831 564 2891 monitum
583 2831 850 2912 obsequentissime
870 2830 966 2909 facio,
987 2830 1114 2913 nequid
1132 2832 1274 2912 deinceps
1295 2849 1379 2893 com-

229 2921 407 2986 mittendum
431 2925 643 3006 fidendumque
661 2925 786 3003 Ciofano
804 2931 901 3007 putes.
922 2927 1022 2988 Habes
1037 2927 1235 3007 apostolicum
1249 2925 1379 2986 Palania

229 3020 389 3098 nuncium,
402 3022 535 3102 aliosque
553 3022 732 3102 spostolicae
743 3023 827 3084 Sedis
841 3023 1013 3100 ministros,
1037 3023 1096 3084 fide
1106 3031 1137 3084 et
1149 3024 1212 3084 zelo
1231 3027 1378 3102 praestan-

229 3113 369 3177 tissimos.
385 3117 438 3177 ffis
458 3124 559 3193 utere,
574 3135 685 3197 eosque
699 3118 862 3198 prudenter
874 3117 979 3196 adeas,
995 3124 1140 3181 utrarum
1159 3137 1194 3180 ac
1207 3123 1378 3198 temporum

229 3212 395 3277 difficultati
409 3215 543 3278 securim
557 3221 646 3297 atque
667 3216 769 3278 utilius
783 3217 914 3279 studeas.
927 3218 1057 3281 Parcens
1071 3219 1194 3281 tandem
1208 3222 1378 3300 spectatum

228 3311 324 3372 retum
344 3320 430 3375 tuum
449 3313 614 3376 acrioribus
629 3315 756 3377 stimulis
775 3333 831 3396 pro
852 3314 987 3377 Ecclesia
999 3316 1054 3377 Dei
1071 3314 1244 3392 incendere,
1257 3316 1377 3376 Patrem

228 3407 376 3474 luminum
400 3411 589 3474 continenter
612 3411 724 3490 orabo,
747 3420 781 3474 ut
805 3411 998 3474 Nobilitatem
1015 3419 1099 3487 tuam
1120 3413 1172 3474 diu
1196 3410 1378 3475 incolumem

228 3511 360 3583 tueatur,
380 3514 411 3570 et
426 3508 562 3590 pervias
586 3526 674 3587 suas,
689 3528 754 3590 qua
775 3515 845 3571 sunt
864 3509 1067 3572 misericordia
1086 3518 1117 3573 et
1134 3511 1262 3587 veritas,
1283 3529 1376 3592 quam

228 3601 397 3668 felicissime
409 3606 528 3687 dirigat.
547 3609 585 3669 Et
598 3607 721 3668 demum
731 3605 971 3668 benedictionem
983 3607 1180 3688 apostolicam
1195 3607 1248 3668 tibi
1263 3607 1377 3688 imper-

228 3698 328 3763 tiendo
335 3702 486 3785 precipuo
498 3704 741 3767 SanctitatisSurc
753 3702 873 3764 nomine
882 3709 947 3765 toto
956 3703 1100 3784 obsequio
1107 3722 1156 3765 me
1169 3703 1221 3766 tibi
1232 3704 1373 3767 devoveo.

231 3892 236 3897 ,
293 3825 507 3889 nominationis
520 3834 577 3890 tua
592 3826 800 3891 illustrissima
818 3845 854 3890 ac
871 3826 1133 3891 Reverendissimae

718 3991 1119 4058 studiosissimusutinater

829 4133 864 4185 Α.
885 4130 1070 4188 enarratas
1082 4134 1243 4189 consinus.

831 4225 863 4279 V.
880 4228 1098 4294 decenarius,
1116 4232 1302 4299 secretarius,

741 4312 873 4384 Episcopo
883 4315 990 4370 vicario
1001 4315 1148 4388 apostatico
1163 4317 1371 4377 vuastinensi.

704 4469 885 4486 ”nu-—
