3194 5354
477 475 658 536 EPtSTOLAE
677 483 722 537 ET
741 483 877 538 BREVIA
897 481 1130 541 SELECTlORd.
1344 493 1375 542 17

233 577 471 648 benedictionem
484 585 553 664 tibi,
568 587 676 647 dilecte
694 588 751 665 nti,
764 589 882 668 tuisque
899 589 1042 652 fratribus
1058 597 1248 672 peramanter
1264 593 1377 674 imper-

234 682 336 742 timur.
352 683 465 744 Datum
480 685 590 761 nomo,
614 692 683 762 ete,
706 687 755 746 die
776 698 793 746 a
812 693 933 765 augusti
952 699 1040 767 1769,-
1064 693 1255 767 pontifieotur
1280 699 1377 754 nostri

234 797 313 839 enno
323 797 435 858 premo.

674 1104 816 1148 DllAEC'l'lS
837 1103 933 1148 mus

341 1200 508 1268 sacroru
530 1207 578 1267 nr
598 1208 876 1270 umvunsrram
897 1202 1029 1272 sruurl
1050 1199 1264 1274 amentiis

636 1332 744 1382 OPPIDl
769 1332 976 1383 Lovnnmncls

425 1477 427 1480 ⁴
541 1435 774 1515 CLEMENS
802 1439 929 1516 PAPA
958 1430 1065 1514 XIV.

1006 1600 1103 1657 Roma,
1115 1597 1232 1660 saugusti
1245 1601 1313 1648 1769.

271 1692 392 1766 Dtleett,
407 1701 463 1755 ete.
487 1695 628 1756 Vestrum
645 1695 853 1774 gratulationis
874 1694 1007 1757 osticium
1027 1694 1065 1756 de
1088 1695 1197 1756 collata
1213 1695 1304 1756 Nobis
1326 1695 1376 1755 dia

230 1790 339 1852 vinitus
365 1792 519 1872 pontificia
540 1793 683 1874 dignitate
706 1813 761 1875 per
788 1793 903 1855 litteras
929 1793 1126 1856 observantiae
1138 1839 1146 1871 ‚
1176 1793 1313 1874 pietatis,
1329 1813 1375 1855 ‚ac

230 1888 298 1950 fidei
318 1889 349 1950 in
372 1892 569 1971 apostolicam
592 1892 671 1954 hauc
699 1892 800 1954 sedem
821 1892 1008 1973 plenissimas
1028 1893 1194 1954 luculenter
1219 1899 1374 1972 peractum

230 1986 318 2046 nobis
335 1988 555 2066 gratissimum,
569 1995 600 2050 et
620 1989 702 2070 quod
721 2009 757 2052 ex
782 1990 883 2052 animo
903 1989 967 2051 lieri
987 2008 1022 2051 ac
1043 2008 1061 2050 a
1083 1989 1169 2050 vobis
1182 1995 1375 2069 perspectum

231 2080 407 2155 habeamus,
420 2088 450 2144 et
460 2084 543 2163 quod
555 2084 593 2145 ad
604 2091 738 2147 nostram
756 2084 952 2147 muniendam
965 2084 1202 2147 imbecillitatem
1216 2091 1281 2146 tum
1292 2086 1374 2164 gravi

230 2177 395 2239 ministerio
416 2178 505 2258 plane
526 2179 673 2260 imparem
697 2199 801 2265 preces
824 2181 862 2242 ad
884 2180 1160 2243 misericordiarum
1175 2183 1294 2243 Patrem
1319 2182 1376 2242 ad-

226 2275 393 2354 jumentis,
411 2286 510 2356 neque
523 2294 574 2338 eas
590 2296 646 2358 pro
662 2283 761 2339 vestro
779 2278 810 2338 in
824 2279 885 2339 Nos
899 2278 1041 2358 singulari
1060 2278 1177 2354 studio,
1189 2278 1270 2358 quod
1283 2278 1375 2339 vehe-

228 2376 345 2433 menter
355 2373 486 2453 petimus
499 2391 634 2454 uuquam
648 2373 843 2436 intermissuri
857 2375 932 2436 aitis.
950 2375 1025 2437 lllud
1039 2394 1129 2456 porro
1143 2375 1323 2436 humanitati
1340 2390 1375 2437 ac

227 2469 331 2549 pietati
342 2477 447 2534 vestrae
460 2471 638 2550 tribuimus,
656 2471 738 2552 quod
751 2472 788 2533 de
805 2473 898 2535 Nobis
909 2478 974 2534 tam
989 2474 1086 2554 ample
1107 2474 1310 2555 benevoleque
1321 2476 1376 2552 ju-

227 2567 347 2647 dicetis,
360 2588 396 2631 ac
410 2570 605 2632 libentissime
622 2570 789 2651 excipimus
806 2576 904 2632 vestra
921 2570 960 2631 de
977 2570 1069 2632 Nobis
1082 2578 1153 2632 vota
1170 2577 1260 2652 atque
1276 2573 1375 2652 auspi<-

228 2667 291 2742 eia,
306 2686 372 2747 quae
386 2676 420 2729 ut
430 2674 496 2730 rata
509 2668 601 2730 sinte
618 2668 670 2730 llei
682 2669 793 2750 Optimi
814 2668 937 2730 Maximi
954 2668 1137 2748 benignitate
1155 2668 1313 2731 dumtaxat
1329 2678 1374 2730 est
1496 2730 1500 2739 ,

227 2771 256 2824 et
267 2765 480 2844 postulandum
490 2772 521 2827 et
534 2764 764 2846 expectandum.
778 2765 865 2839 Quod
876 2783 947 2827 vero
965 2765 1003 2826 de
1016 2770 1120 2826 nostra
1135 2764 1167 2825 in
1180 2765 1310 2845 optimas
1322 2784 1374 2827 ar-

227 2867 272 2921 tes
301 2881 336 2922 aa
363 2863 510 2924 litteratos
533 2863 613 2924 viros
636 2861 845 2923 benevolentia
876 2868 966 2941 atque
992 2879 1095 2923 amore
1120 2861 1251 2938 sentitis,
1280 2861 1310 2921 id
1333 2863 1373 2923 ita

226 2975 331 3017 verum
342 2977 407 3019 esse
423 2960 606 3035 existimate,
620 2964 653 3019 ut
671 2959 701 3019 in
714 2961 813 3020 nullos
826 2959 933 3035 maiori
949 2959 1041 3020 animi
1060 2959 1153 3020 nostri
1174 2959 1373 3037 propensione

227 3053 370 3130 feramur,
385 3074 477 3134 quam
495 3057 546 3135 qui
562 3055 673 3134 ingenii
692 3056 738 3115 sui
760 3061 887 3115 conatus
900 3072 1005 3114 omnes
1021 3053 1059 3113 ad
1080 3053 1276 3113 sanctissimae
1290 3054 1373 3114 Reli-

225 3151 322 3229 gionis
337 3150 573 3213 incolumitatem
585 3170 621 3212 ae
634 3152 854 3212 incrementum
867 3155 1088 3209 converterunt.
1103 3149 1136 3209 ld
1146 3168 1198 3210 vos
1209 3165 1279 3210 cum
1290 3170 1373 3230 egre-

224 3250 272 3327 gie
289 3255 442 3330 praestare,
458 3268 494 3311 ac
505 3248 663 3330 pristinam
675 3247 756 3308 illam
769 3240 970 3308 universitatis
990 3252 1097 3307 vestrae
1108 3246 1139 3307 in
1150 3247 1372 3311 benemerendo

224 3347 262 3407 de
283 3347 423 3421 ecclesia,
449 3360 484 3407 ac
497 3344 536 3407 de
555 3345 720 3426 apostolica
735 3345 793 3406 hac
815 3342 885 3405 sede
908 3343 984 3404 tueri
1004 3344 1130 3422 gloriam
1151 3344 1370 3424 intelligamus,

224 3445 393 3525 perspicere
407 3443 494 3506 facile
507 3444 631 3524 potestis
652 3450 811 3524 paternam
829 3449 964 3504 nostram
981 3442 1011 3502 in
1029 3461 1083 3503 vos
1096 3442 1252 3504 caritatem
1265 3463 1370 3524 parem

224 3560 287 3604 esse
299 3543 338 3621 ei,
351 3562 444 3624 quam
456 3543 493 3606 de
504 3542 619 3606 meritis
628 3542 732 3604 vestris
743 3542 902 3620 habemus,
915 3540 1238 3622 existimationi,quam
1247 3543 1370 3621 quidem

224 3641 387 3703 maximam
402 3660 466 3705 esse
480 3649 510 3703 et
522 3634 738 3722 amplissimam
752 3638 940 3721 profitemur.
963 3639 1050 3718 Agite
1067 3634 1167 3718 igitur,
1180 3631 1281 3699 dilecti
1300 3639 1369 3717 filii,

224 3755 338 3800 morem
351 3739 432 3801 hunc
445 3747 578 3801 vestrum
587 3739 723 3815 retinete,
733 3737 879 3818 novisque
892 3755 1011 3816 semper
1027 3736 1191 3813 laboribus
1205 3742 1236 3796 et
1249 3736 1369 3798 laudem

223 3840 370 3913 vestram,
389 3841 420 3903 et
440 3841 575 3896 nostram
595 3834 626 3895 in
647 3853 701 3895 vos
720 3832 959 3894 benevolentiam
978 3829 1169 3911 amplificate.
1193 3832 1254 3892 Nos
1278 3850 1367 3907 sane,

222 3937 369 4010 quantum
384 3932 415 3994 in
430 3932 523 3993 Nobis
538 3930 611 4008 erit,
632 3927 906 4011 expromendarum
926 3927 1059 4006 ejusdem
1074 3928 1104 3988 in
1121 3947 1173 3990 vos
1188 3929 1368 3990 immolatis-

221 4026 296 4087 sime
311 4026 463 4089 fructuum
481 4025 698 4110 opportunitati
711 4026 839 4089 defuturi
850 4044 911 4088 non
928 4043 1047 4104 sumus,
1059 4044 1155 4106 neque
1167 4025 1286 4087 inanem
1301 4045 1368 4087 ves-

222 4124 345 4186 tramde
356 4132 482 4206 paterna
496 4134 599 4189 nostra
612 4127 795 4207 benignitate
808 4128 952 4190 fiduciam
968 4145 1101 4208 unquam
1110 4125 1264 4188 reddituri.
1277 4126 1321 4187 Ac
1337 4126 1366 4188 iu

222 4216 311 4299 hujus
319 4223 426 4304 prolixi
434 4223 465 4284 in
476 4243 530 4287 vos
539 4222 631 4286 animi
640 4225 748 4306 pignus
760 4225 957 4307 apostolicam
963 4224 1201 4287 benedictionem
1210 4221 1307 4301 vobis,
1318 4223 1366 4284 di·

222 4314 291 4378 lecti
302 4319 367 4398 tilii,
386 4340 422 4382 ac
437 4322 638 4385 celeberrimae
651 4321 837 4385 universitati
847 4328 950 4386 vestrae
960 4325 1150 4404 peramanter
1163 4319 1364 4402 impertimur.

223 4415 336 4481 Datum
349 4420 469 4498 Rome,
487 4427 556 4500 etc,
575 4426 730 4503 sesquati
748 4430 835 4498 ttae,
849 4423 1042 4501 pontificalia
1056 4423 1152 4481 nostri
1163 4437 1244 4482 anno
1256 4425 1364 4499 pnmn.

702 4544 885 4559 ——na

1244 4592 1261 4640 2
