3194 5354
230 536 281 586 284
659 529 865 584 mellentis
883 529 947 583 XlV

229 655 313 716 gram
326 635 403 696 banc
424 635 480 696 illis
498 635 617 696 laudem
631 634 844 696 reservandam
857 633 993 696 arbitrati
1009 651 1130 695 sumus.
1152 637 1215 697 Suo
1230 638 1298 701 illos
1315 647 1380 704 star·

228 734 294 810 dio,
318 733 364 794 sui
385 733 476 794 animi
501 733 688 815 praestantia,
710 733 793 812 pacis
806 733 988 815 cupiditate,
1012 734 1111 796 Nostri
1135 736 1229 799 ctiam
1251 760 1377 821 amore,

226 849 319 912 quam
335 830 516 910 flagitatione
533 849 568 891 ac
580 830 719 911 precibus
739 830 852 911 impelli
869 829 1078 907 malebamus,
1095 830 1267 898 uberiorem
1281 845 1377 918 puta-

227 933 334 991 bamus
346 929 465 990 illorum
476 927 545 989 inde
558 928 703 1007 gloriam,
726 936 756 990 et
767 935 901 991 nostram
913 927 1079 1010 pleniorem
1092 932 1280 1014 voluptatem
1294 941 1375 1001 exti-

226 1034 338 1087 turam.
351 1027 575 1106 Peropportune
592 1024 715 1100 accidit,
728 1030 762 1085 nt
772 1024 829 1086 illis
840 1025 870 1086 in
880 1027 1011 1103 Nosjam
1026 1028 1174 1090 inclinatis
1185 1029 1375 1097 dilectissimi

226 1123 257 1186 in
268 1122 383 1184 Christo
394 1121 447 1182 filii
466 1120 559 1183 nostri
583 1121 761 1183 Eerdinandi
782 1121 863 1202 regni
880 1123 1095 1205 Hispaniarum
1111 1124 1237 1191 lniantis
1249 1146 1375 1195 summa

225 1220 322 1300 pietas
334 1237 498 1300 permagno
510 1218 548 1280 ad
560 1219 623 1279 bac
632 1218 814 1300 perficiendo
829 1229 983 1284 momento
998 1221 1098 1285 suerit.
1111 1223 1245 1285 Allatum
1260 1224 1298 1286 ad
1310 1228 1376 1289 Nos

224 1324 290 1378 erat
309 1317 541 1379 clarissimomm
560 1335 665 1396 regum
681 1317 971 1396 consanguineorum
990 1338 1116 1382 suorum
1139 1320 1372 1401 redintegratam

224 1434 295 1494 erga
306 1415 389 1477 illum
400 1434 465 1476 essa
473 1415 612 1495 gratiam.
626 1415 772 1476 Laetitiam
785 1415 975 1496 illiuscausa,
986 1418 1261 1500 quemobeximias
1274 1420 1373 1482 virtu-

225 1527 270 1578 tes
289 1535 479 1598 summopere
491 1516 659 1596 diligimus,
681 1522 753 1576 tunc
767 1533 786 1575 a
802 1514 894 1576 Nobis
910 1525 1081 1599 susceptam
1096 1517 1247 1599 extemplo
1259 1519 1371 1581 eisdem

224 1635 295 1677 cum
309 1617 449 1696 singulari
467 1616 667 1696 gratulatione
676 1614 776 1676 testati
790 1632 905 1676 sumus,
920 1617 985 1678 Hoc
999 1616 1099 1679 officio
1111 1623 1215 1680 nostro
1225 1636 1371 1698 perspec-

224 1718 291 1775 tum
304 1714 425 1794 optimis
436 1714 556 1794 regibus
572 1713 643 1791 luit,
658 1719 772 1793 quanto
786 1731 888 1774 rerum
899 1714 1053 1792 omnium,
1064 1733 1132 1796 quar
1151 1713 1188 1775 ad
1205 1713 1370 1795 illosperti-

223 1817 347 1888 nerent,
358 1819 472 1891 quanto
482 1812 566 1893 pacis
577 1811 668 1872 etiam
678 1809 903 1890 concordiaque
913 1810 1013 1872 studio
1023 1817 1204 1873 teneremur.
1213 1811 1286 1873 Cum
1295 1829 1369 1873 vero

223 1908 486 1988 prestantissimus
496 1907 614 1986 juvenis
627 1913 784 1988 tantopere
797 1924 851 1967 sua
864 1924 955 1968 causa
970 1909 1030 1968 Nos
1041 1906 1160 1987 gavisos
1170 1905 1295 1985 videret,
1310 1926 1368 1989 pro

223 2004 332 2066 eximia
347 2024 402 2067 sua
425 2005 653 2085 gratissirnaque
675 2003 829 2065 voluntate
855 2002 958 2064 similis
982 2003 1069 2065 nobis
1091 2002 1234 2064 navandae
1254 2022 1366 2085 operae,

222 2101 372 2182 officiique
386 2102 542 2184 prestandi
558 2102 635 2162 miro
648 2100 754 2175 ardore
770 2101 890 2161 exarsit.
915 2102 975 2161 Sua
991 2100 1055 2182 ipse
1064 2106 1172 2180 sponte
1193 2119 1309 2182 suoque
1322 2104 1369 2181 ju·

222 2198 300 2260 dicio
312 2218 382 2260 cum
398 2219 464 2274 avo,
476 2206 584 2280 patruo
595 2217 630 2260 ac
642 2197 776 2278 patruele
790 2215 910 2259 summa
922 2196 1112 2258 contentione
1123 2196 1198 2276 egit,
1215 2206 1260 2276 ut,
1275 2217 1369 2280 quan·

223 2302 288 2358 tum
301 2298 464 2360 Nobiscum
474 2297 575 2359 animo
589 2315 624 2357 ac
633 2296 745 2377 pietate
756 2301 855 2357 essent
867 2294 1016 2374 conjuncti
1030 2312 1080 2372 ,re
1091 2293 1158 2374 ipsa
1168 2293 1366 2358 declararent.

222 2393 367 2454 Maximae
392 2401 457 2454 turn
478 2393 535 2469 illi,
562 2393 614 2473 qui
638 2391 667 2453 id
680 2392 772 2453 Nobis
793 2391 1023 2473 perscripserat,
1042 2389 1153 2469 gratias
1173 2390 1307 2471 egimus,
1333 2412 1368 2455 ac

223 2507 306 2566 reges
319 2489 374 2569 ipsi
387 2496 542 2570 tantopere
557 2495 626 2550 sunt
637 2488 694 2550 hac
708 2488 786 2549 illius
807 2488 916 2550 virtute
929 2486 1083 2563 delectati,
1105 2493 1195 2567 atque
1211 2487 1320 2550 eodem
1337 2490 1365 2551 in

223 2585 283 2644 Nos
297 2584 395 2645 studio
407 2585 542 2660 excitati,
560 2592 594 2645 ut
611 2584 693 2664 quod
714 2591 800 2645 antea
814 2584 1037 2664 cogitaverant,
1056 2584 1158 2646 statim
1174 2585 1265 2649 salsis
1280 2594 1368 2670 atquc
1407 2584 1411 2591 ’

222 2680 343 2760 integris
362 2679 499 2741 Ecclesia
517 2681 606 2741 rebus
621 2679 659 2741 ad
671 2681 733 2742 Nos
745 2679 929 2758 deferendis,
944 2699 1037 2761 quam
1059 2681 1201 2760 preclara
1214 2683 1367 2745 voluntate

221 2778 251 2837 in
266 2779 326 2840 Nos
335 2785 445 2855 essent,
461 2777 561 2860 palam
573 2777 713 2839 omnibus
726 2777 867 2839 lacerent.
879 2780 965 2840 Nunc
976 2779 1065 2859 igitur
1075 2778 1182 2840 eodem
1192 2799 1254 2843 una
1264 2799 1366 2844 omnes

222 2873 324 2936 animo
335 2875 413 2937 hanc
423 2875 519 2957 ipsam
532 2894 632 2937 rerum
644 2874 782 2937 Ecclesia
796 2875 1051 2954 incolumitatem,
1067 2874 1153 2956 quasi
1164 2877 1367 2942 certissimum

221 2972 374 3053 quoddam
394 2973 501 3055 pignus
516 2974 598 3055 pacis
615 2980 785 3056 mutuaeque
798 2973 876 3036 inter
889 2975 950 3036 Nos
963 2975 1130 3036 concordie
1143 2980 1293 3040 statuunt.
1312 2979 1369 3041 Ne·

220 3071 364 3150 quecnim
371 3072 468 3133 solum
479 3071 590 3153 positas
599 3088 664 3133 esse
673 3090 708 3133 ac
720 3071 833 3134 deletas
842 3073 945 3135 volunt
959 3073 1144 3155 suspiciones
1152 3093 1258 3139 omnes
1268 3079 1368 3158 cujus

221 3169 318 3248 piam,
334 3189 399 3249 quc
418 3177 507 3232 antea
528 3169 747 3248 intercesserit,
770 3170 949 3248 simultatis,
973 3171 1026 3233 sed
1046 3171 1138 3232 etiam
1156 3173 1366 3238 confirmatam

222 3276 311 3349 atque
323 3276 443 3331 anetam
455 3269 586 3331 mirifice
598 3269 741 3332 internos
754 3269 985 3347 benevolentia,
1001 3275 1091 3350 atque
1104 3270 1216 3333 amoris
1224 3272 1362 3350 conjunc·

212 3365 347 3426 tionem.
360 3364 534 3426 Letandum
541 3366 633 3426 Nobis
642 3364 764 3445 quidem
775 3383 956 3446 magnopere
967 3372 1023 3443 est,
1037 3373 1126 3446 atque
1137 3384 1175 3428 co
1186 3366 1362 3429 uberiuslae-

222 3462 367 3540 tandum,
384 3481 444 3543 quo
468 3462 563 3542 magis
584 3471 702 3539 sancte,
716 3463 823 3544 pieque
833 3463 911 3525 tueri
925 3465 994 3542 Jura
1005 3464 1212 3546 ditionemque
1224 3465 1360 3527 Ecclesiae

219 3559 380 3637 debemus,
393 3566 442 3637 ut,
454 3578 520 3641 quae
531 3560 722 3638 amajoribus
737 3560 920 3642 accepimus,
935 3560 1028 3638 salva,
1042 3561 1360 3642 atqueiutegrapcste-

220 3657 260 3718 ris
273 3656 384 3719 nostris
399 3657 647 3721 transmittamus.
672 3657 731 3719 Sed
751 3657 849 3720 nullas
871 3659 1002 3738 maiores
1021 3660 1123 3738 gaudii
1142 3659 1234 3722 nostri
1253 3678 1360 3722 causas

220 3754 329 3815 habere
346 3773 506 3835 possumus
515 3801 523 3832 ,
535 3774 628 3837 quam
639 3773 710 3817 cum
721 3754 799 3816 banc
810 3755 944 3837 ipsorum
956 3773 1060 3838 regum
1074 3757 1232 3838 pietatem,
1249 3757 1365 3819 animi·-

220 3869 279 3932 que
292 3853 495 3931 praestantiam
510 3853 670 3915 intuemur.
684 3853 751 3914 Non
764 3852 795 3913 in
808 3852 918 3935 opibus
929 3859 1019 3935 atquc
1030 3854 1126 3934 copiis
1138 3900 1146 3932 ,
1157 3852 1209 3917 sed
1220 3853 1251 3917 in
1261 3854 1362 3936 legum

219 3948 375 4029 equitata,
391 3966 426 4008 ac
447 3948 555 4010 virtutc
576 3965 727 4011 summam
750 3951 835 4030 regni
848 3950 972 4031 gerendi
993 3951 1130 4030 laudem,
1148 3970 1310 4035 veramque
1328 3972 1363 4016 ac

219 4045 345 4107 solidam
354 4043 511 4107 utilitatem
520 4045 609 4107 sitam
621 4065 685 4108 esse
696 4046 877 4111 existimant.
890 4051 927 4113 Se
939 4057 1090 4132 potestate
1099 4069 1154 4113 sua
1167 4053 1284 4133 egregie
1294 4072 1362 4115 usos

220 4143 412 4220 arbitrantur,
427 4142 452 4204 si
467 4142 544 4205 illius
556 4142 681 4225 imperio
695 4152 831 4227 pareant,
850 4150 936 4228 eujus
948 4147 1093 4210 beneficio
1107 4147 1224 4229 imperii
1235 4149 1362 4229 dignita-

220 4246 281 4300 tern
301 4249 455 4324 acceptam
470 4242 602 4305 referunt
611 4267 620 4322 3
634 4242 658 4304 si
674 4243 752 4306 illius
764 4246 890 4325 gloriam
902 4254 1048 4328 augeant,
1064 4247 1087 4308 si
1104 4249 1234 4309 Domum
1243 4248 1360 4310 Domini

220 4337 574 4421 suo'prasidiotueantur,
586 4342 611 4404 si
622 4342 753 4424 denique
765 4347 836 4406 lesu
850 4344 957 4408 Cbristi
970 4346 1112 4427 speeiem,
1123 4346 1210 4424 euius
1220 4345 1361 4409 vi'cariam

220 4436 427 4499 aructoritatem
439 4441 507 4504 licet
516 4443 706 4506 immerentes
719 4443 911 4521 sustinemus,
925 4443 1053 4506 inNobis
1063 4445 1164 4506 colant
1178 4463 1214 4506 ac
1224 4445 1359 4527 diligant.

220 4536 265 4596 ,lb
280 4535 451 4615 lnrjnsmodi
465 4541 631 4608 animorum
651 4543 821 4606 inductione
842 4562 911 4606 cum
928 4543 1063 4624 protecta
1085 4544 1123 4606 sit
1137 4550 1201 4606 tam
1218 4544 1362 4625 preclaro¹
