3194 5354
234 449 271 500 lt
665 435 868 494 mauronis
885 436 948 491 x1v

234 551 385 610 trumento
405 545 606 623 continentur,
620 560 817 627 quacumque
828 541 867 603 ad
887 539 1038 620 religionis
1053 540 1187 618 mltum,
1202 541 1242 603 ad
1259 524 1392 608 morum

232 644 438 726 disciplinam,
455 647 594 723 recteque
613 640 731 704 vivendi
752 639 971 702 institutionem
992 638 1152 719 pertinent.
1168 639 1247 702 lliuc
1266 647 1390 722 myrto-

231 741 344 804 riorum
356 739 561 817 altitudinem,
574 739 645 801 hinc
664 738 801 820 pietatis,
817 735 1000 812 honestatis,
1016 733 1155 814 justitia,
1178 735 1389 802 humanitatis

230 838 329 903 officia
339 838 513 902 ediscimus.
528 837 605 914 Quid
616 840 689 917 Deo,
701 836 774 919 quid
784 834 934 913 Ecclesiae,
944 834 1019 915 quiid
1031 832 1153 915 patria,
1164 833 1239 915 quid
1247 834 1386 915 civibus,

229 937 301 1019 quid
314 937 429 1000 catena
446 935 619 998 hominibus
627 935 810 1011 debeamus,
825 932 1027 1012 intelligimus.
1044 930 1130 993 Uudc
1144 930 1234 994 nudis
1249 932 1386 1012 praela-

227 1036 309 1113 rius,
322 1053 415 1115 quam
426 1033 473 1096 his
484 1051 561 1096 verro
574 1033 724 1114 religionis
737 1030 1015 1112 legibnscivitatum
1027 1028 1132 1106 etiam
1146 1045 1184 1091 ao
1195 1027 1384 1092 societatum

225 1134 295 1211 jura
314 1129 447 1193 stabilita
466 1148 532 1193 esse
550 1128 771 1210 cognoscimus.
796 1130 841 1190 Ac
862 1133 1022 1208 propterea
1045 1141 1136 1187 nemo
1155 1125 1218 1188 iere
1239 1144 1381 1206 uuqmm

227 1226 334 1291 diuinis
343 1227 451 1290 Christi
465 1227 670 1290 sanctionibus
678 1227 791 1289 bellum
804 1224 915 1301 intulit,
928 1223 1004 1304 quin
1017 1222 1097 1284 idem
1107 1222 1265 1300 continuo,
1279 1242 1380 1304 quan

227 1322 343 1385 tamin
365 1340 398 1384 sc
412 1327 475 1399 est,
490 1323 673 1404 populorum
695 1320 940 1402 tranquillitatem
965 1317 1164 1400 perturbarit,
1188 1336 1295 1399 regum
1317 1321 1380 1383 ol)-

227 1419 365 1500 sequium
386 1419 577 1498 detrectarit,
601 1418 725 1497 intesta,
749 1437 786 1481 ac
808 1418 921 1480 incerta
942 1417 1045 1478 omnia
1057 1416 1173 1479 iecerit.
1202 1418 1313 1497 ltlagna
1329 1427 1377 1482 cot

225 1516 307 1579 enim
320 1517 397 1580 inter
414 1518 523 1581 divine
533 1537 570 1582 ac
583 1519 722 1581 humano
735 1517 891 1599 potcstatis
899 1519 969 1596 jura
983 1515 1175 1595 conjunctim
1196 1534 1235 1578 ac
1247 1517 1378 1598 proinde

225 1614 277 1696 qui
291 1614 465 1680 Chnstiaua
483 1615 558 1697 legis
572 1617 752 1680 auctoritate
770 1635 875 1698 regum
890 1616 1018 1698 imperia
1029 1615 1148 1678 munita
1160 1633 1228 1678 erac
1240 1625 1375 1696 norunt,

226 1713 317 1776 alacri
332 1715 434 1778 animo
450 1714 558 1778 iisdem
582 1715 806 1797 obtemperant,
829 1720 967 1778 verentur
987 1713 1173 1795 potentiam,
1196 1712 1376 1793 dignitatem

224 1811 397 1892 observant,
409 1819 441 1876 et
454 1813 568 1876 colunt.
931 1888 936 1897 .

264 1910 363 1991 Atque
374 1909 453 1973 hauc
465 1909 588 1992 quidem
602 1909 771 1973 diuinarum
780 1909 1040 1991 proscriptionum
1048 1913 1184 1989 partem,
1198 1922 1260 1969 non
1270 1907 1375 1971 miuus

222 2024 294 2068 cum
307 2008 489 2089 populorum
501 2006 734 2088 tranquillitate,
748 2023 841 2087 quam
852 2022 923 2067 cum
937 2004 1106 2071 animarum
1116 2003 1213 2065 salute
1223 2003 1376 2082 coujunc-

223 2101 600 2166 tissimamconsiderantes
611 2118 793 2183 magnopere
804 2119 857 2163 vos
865 2099 1034 2177 hortamur,
1042 2098 1374 2177 Venerabiloel'ratres,
1473 2086 1479 2100 '

223 2205 257 2259 ut
267 2205 337 2280 post
347 2201 454 2279 Deum,
463 2217 499 2261 ac
509 2197 602 2260 divini
614 2196 713 2260 cultus
721 2197 900 2260 contitutus
911 2197 942 2258 in
951 2195 1087 2257 &cusia
1095 2195 1237 2272 rationes,
1247 2213 1374 2259 curnem

221 2295 452 2360 sollicitudinem
463 2301 595 2359 vestram
606 2293 644 2356 ad
655 2291 1301 2376 populumregumobedicntiaacohsequio
1312 2295 1374 2359 rite
1402 2333 1404 2336 -

223 2389 419 2454 imbuendum
441 2391 633 2455 convertatis.
663 2391 707 2453 llli
730 2391 873 2454 nimirum
896 2391 935 2452 ad
956 2389 1109 2472 publicam
1133 2390 1375 2456 inoelrrnritatem

223 2489 379 2568 tuendam,
390 2509 425 2552 ac
438 2490 574 2552 homines
583 2489 613 2550 in
624 2489 701 2567 juris
711 2488 853 2568 aequitate
866 2486 1063 2548 continendos
1074 2486 1104 2547 in
1119 2485 1264 2548 altissimo
1273 2489 1372 2567 gradu

222 2603 285 2666 prae
300 2585 415 2648 caeteris
431 2592 501 2647 sunt
523 2585 689 2647 constituti.
705 2582 831 2646 lliniatri
843 2583 925 2645 enim
949 2583 1001 2645 Dei
1027 2589 1098 2645 snut
1116 2582 1148 2644 in
1161 2583 1277 2645 bonurn
1286 2630 1296 2661 ,
1314 2603 1372 2649 nec

221 2684 402 2747 sinemuro
415 2684 549 2765 gladium
566 2689 707 2765 portant,
722 2683 853 2745 vindices
869 2684 899 2744 in
920 2684 996 2745 iram
1013 2686 1040 2745 ci
1051 2728 1059 2761 ‚
1072 2684 1124 2764 qui
1148 2684 1265 2746 mulum
1287 2685 1370 2766 agit;

220 2779 367 2843 carissimi
389 2786 534 2863 praetcrca
553 2781 693 2844 Ecclesiae
706 2782 758 2843 lilii
772 2787 859 2859 sunt,
875 2800 911 2843 ac
924 2783 1062 2863 patroni,
1078 2800 1209 2863 quornm
1222 2789 1269 2844 cat
1283 2801 1373 2846 eam·

220 2878 309 2958 darn,
325 2887 359 2941 ut
368 2884 538 2961 parentem,
553 2878 687 2959 diligere,
699 2880 825 2959 ejusque
835 2896 975 2956 cansam,
991 2897 1028 2940 ac
1037 2879 1106 2957 jura
1116 2877 1279 2940 custodnc.
1289 2880 1372 2954 Quos

221 2974 312 3054 igitur
322 2975 512 3039 instruendos
524 2975 556 3039 in
575 2974 682 3038 Christi
697 2976 762 3057 lege
772 2976 963 3056 suscepistis,
984 2982 1102 3038 mature
1114 2975 1216 3037 dnino
1227 2975 1372 3056 illopm-

219 3078 308 3154 cepto
318 3073 497 3137 imbuendos
507 3080 628 3137 curate:
643 3073 734 3136 iidem
742 3072 864 3153 regibus
873 3078 1049 3134 sanctcesse
1060 3071 1238 3134 servandam
1247 3072 1287 3134 ab
1297 3072 1371 3153 ipsis

221 3169 410 3232 incunabulis
420 3172 604 3252 percipiant,
624 3170 793 3252 parendum
807 3170 993 3249 auctoritati,
1007 3169 1123 3249 legibus
1140 3169 1368 3250 obsequendum

220 3283 282 3326 non
300 3267 399 3326 solum
418 3268 648 3346 promeritam,
666 3266 718 3327 aed
739 3266 831 3327 etiarn
844 3272 968 3346 propter
985 3266 1211 3329 conscientiam.
1233 3269 1309 3329 Cum
1326 3266 1369 3329 ita

221 3362 405 3442 populorum
416 3362 508 3424 animi
521 3362 633 3426 inerint
645 3381 738 3444 opera
751 3369 851 3424 vestra
867 3363 1005 3437 excitati,
1016 3382 1078 3426 non
1094 3365 1193 3426 solum
1205 3370 1239 3426 ut
1247 3363 1370 3444 rgioro

221 3457 304 3520 dicto
319 3459 473 3521 audientes
483 3459 558 3537 sint,
574 3459 627 3522 sed
637 3460 961 3537 ctiamuteoscolaut,
972 3461 1159 3542 acdiligant‚
1174 3469 1241 3523 tum
1253 3463 1370 3543 optima

220 3563 252 3618 et
267 3555 378 3620 civium
387 3558 609 3639 tranquillitati,
624 3566 655 3620 et
673 3558 813 3621 Eccleaiae
824 3559 961 3639 utilitati,
976 3580 1043 3641 quaa
1061 3562 1138 3623 inter
1159 3579 1192 3622 ae
1212 3559 1371 3639 disjunctae

220 3673 285 3717 ease
299 3674 358 3718 non
373 3662 510 3737 possunt,
523 3657 695 3719 consuletis.
712 3658 771 3720 Eas
782 3676 852 3720 vero
861 3657 952 3720 officii
963 3658 1052 3721 vestri
1063 3664 1165 3740 partas
1178 3657 1304 3719 uberius
1317 3677 1370 3720 cu

219 3753 388 3832 mulabitis,
401 3755 425 3815 si
440 3754 478 3816 ad
489 3754 680 3835 quotidianas
694 3774 750 3836 pro
762 3755 877 3837 populo
892 3773 1012 3836 preces,
1026 3755 1193 3836 peculiaroe
1206 3754 1299 3816 etiam
1312 3773 1370 3835 pro

145 3837 150 3846 ’
219 3868 304 3931 rege,
326 3849 548 3912 obsecrationes
575 3850 762 3931 adiungatis,
785 3858 819 3912 ut
838 3851 1005 3913 incolumes
1025 3851 1066 3913 illi
1088 3851 1163 3928 sint,
1187 3857 1223 3913 ut
1243 3868 1315 3912 suos
1338 3851 1370 3914 iu

218 3947 376 4028 acquitate,
388 3964 481 4028 pace,
495 3966 531 4009 ac
539 3949 653 4026 justitia
664 3955 786 4029 regant,
801 3955 834 4009 ut
844 3951 939 4010 ileum
950 3948 1048 4030 ipsum
1061 3949 1090 4011 in
1105 3967 1197 4028 reguo
1208 3946 1368 4009 hominum
1388 4016 1390 4020 ,

218 4043 425 4108 dominantem
444 4053 674 4124 cognoscentes,
689 4046 824 4126 ejusdem
843 4064 965 4107 canuam
978 4054 1079 4110 sancta
1093 4047 1202 4127 pieque
1214 4048 1366 4121 tueantur,

220 4157 256 4200 ac
273 4143 451 4219 provehant.
468 4144 512 4205 lta
533 4162 551 4203 a
565 4144 650 4206 vobis
666 4145 724 4207 orit
743 4161 804 4206 non
819 4143 918 4205 minus
937 4144 1099 4225 episcopali
1118 4149 1219 4205 vestro
1230 4139 1366 4217 muneri,

219 4253 312 4317 quam
326 4243 460 4304 omnium
472 4242 641 4304 commodis
654 4240 853 4304 satisfactum.
865 4241 941 4314 Quid
955 4243 1036 4303 enim
1045 4240 1155 4321 justius
1167 4259 1203 4301 ac
1217 4241 1368 4317 opportu-

220 4332 303 4408 nius,
316 4351 407 4413 quarn
419 4356 474 4416 pro
488 4344 610 4399 auctore
629 4336 758 4417 publica>
769 4335 870 4415 pacis,
884 4354 920 4397 ac
933 4336 1044 4398 ciuium
1062 4337 1165 4398 salutis
1188 4331 1313 4398 custode
1327 4332 1368 4395 ab

220 4429 277 4493 illis
291 4435 436 4511 perpetuo
451 4435 612 4496 [lominum
626 4431 795 4510 obsecrari,
810 4431 860 4511 qni
876 4451 931 4513 pro
953 4432 1125 4495 horninibus
1142 4431 1368 4494 constituuntur
