3194 5354
393 470 577 527 crisante
595 473 640 526 ur
660 473 791 528 suavis
810 475 1040 532 senncnonl.
1144 467 1150 473 '
1237 487 1289 538 rsa

146 573 228 638 hisae
244 576 336 637 literis
351 574 576 641 communicare
590 577 755 656 voluimus,
770 576 932 641 firmiorem
946 588 1036 661 atque
1052 585 1083 644 in
1098 583 1163 646 diae
1177 587 1289 649 arcto-

144 690 209 734 rem
219 691 286 734 esse
296 671 407 734 iaciat:
424 679 518 752 utque
528 679 559 733 et
572 673 625 734 tibi
640 676 769 754 majores
779 678 913 757 quotidie
926 697 1023 741 cause
1038 680 1167 744 existant
1174 685 1289 766 ampli-

145 768 268 830 licandae
290 769 406 830 eximiae
427 788 498 849 erge
518 777 659 851 nepotem
680 779 765 834 tuum
780 777 941 839 voluntatis
955 785 985 839 et
1002 779 1051 841 illc
1074 781 1174 843 cilicia
1185 783 1288 845 omnia

144 866 286 928 adhibeat
306 865 344 927 ad
367 866 600 947 promerendam
622 868 700 930 harro
716 877 800 932 tuam
820 872 936 954 sibique
959 876 1174 939 studiosissime
1191 879 1288 959 magis

143 962 368 1033 devinciendam
388 964 640 1026 benevolentiam.
655 967 786 1030 Coelestis
804 970 907 1049 gratie
923 971 1059 1051 presidio
1072 973 1160 1035 firma
1174 982 1287 1036 scruta

142 1061 244 1124 lutura
254 1068 325 1123 vota
337 1062 400 1123 hec
414 1069 518 1123 nostre
530 1061 727 1143 confidimus,
746 1073 836 1147 atque
854 1068 973 1131 interim
985 1071 1180 1151 apostolicam
1194 1072 1288 1135 bene-

141 1158 305 1221 dictionem
316 1158 407 1220 divini
420 1159 510 1237 buius
523 1159 661 1222 beneficii
673 1164 827 1244 auspicem
839 1172 869 1227 at
883 1184 1007 1231 summe
1017 1176 1149 1248 paterne
1160 1177 1286 1241 nostre,

141 1273 201 1335 qua
222 1262 251 1317 te
273 1256 515 1337 complectimur,
537 1257 669 1319 caritatis
688 1265 794 1321 testem
810 1261 863 1326 tibi
873 1308 882 1339 ,
897 1264 1051 1335 carissime
1065 1266 1095 1327 in
1115 1266 1232 1329 Christo
1245 1265 1285 1327 lili

142 1363 254 1433 noster,
278 1362 308 1417 et
328 1356 473 1418 universa
494 1355 592 1436 Regiae
614 1363 673 1417 tum
705 1357 813 1418 Domui
846 1359 1051 1423 amantissime
1079 1348 1282 1443 impertimur.

141 1458 255 1518 Datum
276 1457 386 1530 Rome,
402 1466 473 1534 etc,
487 1458 568 1518 dies
587 1456 764 1534 septembris
783 1465 874 1533 trit,
889 1461 1082 1536 pontificatus
1099 1465 1194 1521 nostri
1207 1478 1285 1521 cono

140 1559 255 1632 pointo.

626 1656 802 1668 -υη

595 1777 823 1846 CCXXXVIH.

359 1932 587 1976 nicrcrrssurn
609 1933 644 1975 in
667 1932 801 1975 cnarsro
822 1933 912 1976 rure
934 1933 1059 1978 nosram
1144 1945 1146 1949 >

208 2040 345 2098 Mellillli
366 2040 618 2111 thBttnaAE,
640 2039 822 2100 SAXONIAE
841 2040 1043 2101 ELEtll'lllCl
1064 2041 1216 2112 VHNJAE,

449 2156 684 2238 CLEMENS
709 2159 839 2238 ΡΑΡΑ
866 2160 973 2237 XIV.

664 2369 667 2376 ,
681 2323 708 2370 ln
723 2324 782 2371 trec
792 2319 943 2384 candulphi,
958 2327 988 2370 tt
999 2318 1141 2381 septembris
1155 2251 1225 2372 llll.1
1243 2275 1247 2282 Ι

159 2429 398 2498 dilectissima,
420 2435 478 2489 etc.
501 2429 622 2490 Nullum
645 2428 815 2508 preclarius
833 2426 985 2506 Nobisque
997 2423 1159 2504 jucundius
1181 2427 1285 2488 absste

136 2542 265 2602 munus,
286 2524 476 2586 ddmtissima
496 2524 527 2587 in
547 2524 663 2586 Christo
683 2524 746 2586 iilia
763 2529 881 2601 nostra,
896 2523 1003 2619 potuit
1024 2518 1173 2600 accidere,
1192 2542 1285 2605 quam

136 2624 219 2706 quod
230 2642 328 2706 nuper
339 2623 377 2686 ed
390 2625 451 2686 Nos
464 2623 569 2686 misisti
584 2623 679 2686 textili
690 2641 781 2705 opere
794 2622 908 2686 siiabre
924 2624 1079 2685 elaborato
1096 2623 1216 2703 egregie
1224 2624 1285 2686 de·-
1390 2681 1392 2685 .

139 2722 252 2803 pictum
265 2722 427 2801 imaginem
442 2726 538 2783 tuam.
561 2722 595 2782 ln
610 2721 675 2802 ipse
688 2720 749 2783 oris
762 2719 955 2782 similitudine
969 2738 1005 2781 ec
1021 2719 1230 2797 lineamentis,
1252 2728 1285 2780 ut

137 2809 288 2900 dignitatis
300 2825 390 2898 atque
404 2819 608 2900 amplitudinis
617 2825 676 2881 tue
687 2820 818 2899 speciem
832 2818 1025 2899 agnovimus,
1036 2818 1081 2879 ite
1091 2815 1284 2883 excellentem

136 2913 229 2974 etiam
241 2913 374 2975 animum
383 2916 471 2976 tuum
484 2921 517 2975 et
524 2915 674 2994 singulare
687 2914 718 2975 in
731 2915 793 2975 Nos
805 2931 840 2975 ac
854 2915 995 2975 Sanctam
1009 2902 1088 2975 benc
1100 2904 1284 2974 Sedcmstu-

136 3009 220 3070 dium
238 3009 428 3090 acpietrtem
446 3009 478 3071 in
494 3009 1019 3088 memoriamrevocavimus.1taque
1038 3015 1069 3069 at
1080 3007 1285 3068 eximiosrti-

137 3105 207 3167 ticio
214 3151 224 3182 ,
236 3112 269 3166 et
282 3105 432 3186 prmstnnti
446 3105 547 3166 cilicio
561 3111 614 3166 tuo
622 3104 826 3166 incredibilem
837 3104 869 3165 in
877 3103 1003 3166 modurn
1011 3103 1150 3166 delectati
1161 3114 1283 3181 sumus,

137 3210 295 3267 ecmonus
315 3210 403 3265 tuum
423 3203 488 3284 part
506 3203 659 3264 voluntate
677 3202 867 3282 excepimus,
881 3221 942 3284 qua
966 3211 1028 3265 ate
1053 3210 1099 3266 est
1115 3203 1283 3285 proiectum

137 3301 280 3363 nimirum
292 3319 364 3381 erge
384 3308 413 3362 te
426 3299 670 3381 propensissime,
685 3300 805 3380 tuisque
817 3299 994 3382 insignibus,
1006 3301 1158 3382 Nobisqne
1168 3301 1284 3383 optime

137 3417 240 3461 coram
251 3397 413 3480 perspectis
424 3397 584 3460 unctius
595 3403 807 3459 consentanea.
823 3397 948 3459 intimos
963 3397 1019 3460 hos
1030 3393 1188 3479 pontificio
1206 3398 1283 3462 cari-

137 3494 208 3555 tatis
225 3502 256 3556 et
268 3494 429 3575 gratissimi
446 3494 542 3557 nostri
553 3511 624 3574 erga
640 3501 670 3554 te
681 3493 773 3555 enimi
792 3511 896 3556 sensus
906 3500 1045 3557 accurate
1057 3513 1113 3576 pro
1127 3514 1183 3556 suo
1199 3514 1284 3557 moue

138 3591 191 3652 tibi
199 3591 406 3673 perscripsisse
416 3609 477 3654 non
490 3590 663 3653 dubitamus
673 3590 816 3654 dilectum
827 3591 981 3654 filiumlo.
1002 3591 1186 3653 ludovicum
1198 3592 1284 3653 Bian-

139 3706 250 3750 conum
260 3735 268 3767 ,
278 3689 329 3751 cui
347 3690 512 3750 luculenter
522 3687 644 3750 eosdem
656 3687 883 3750 declaravimus.
897 3688 1018 3750 interim
1033 3686 1173 3751 collocari
1190 3688 1284 3766 jassi-

137 3797 207 3846 mus
216 3786 357 3848 eximiam
366 3785 515 3868 picturam
525 3791 614 3866 atquc
627 3786 755 3866 effigiem
766 3793 850 3848 tuam
859 3786 890 3848 in
900 3786 1059 3861 Quirinalis
1075 3785 1180 3848 Palatii
1191 3788 1283 3848 nostri

137 3882 244 3944 illustri
256 3891 286 3944 ct
303 3884 465 3965 conspicuo
479 3885 561 3961 loco,
577 3893 611 3947 ut
624 3890 682 3946 tum
700 3885 731 3946 in
743 3886 812 3946 'Nos
824 3884 943 3966 pietatis
957 3885 1055 3951 studia
1075 3891 1108 3948 et
1122 3884 1283 3967 sepissime

138 3979 230 4041 Nobis
243 3981 273 4041 in
288 3982 392 4044 oculos
405 3984 576 4059 incurrant,
589 3988 619 4044 et
636 3983 776 4045 omnibus
793 3983 852 4044 sint
869 3984 1071 4047 testatissimaa
1085 3982 1283 4046 Vehementer

137 4077 277 4157 cupimus
297 4078 441 4157 plurimes
452 4080 545 4141 Nobis
563 4080 800 4160 opportunitates
815 4081 1015 4162 suppeditari,
1029 4081 1137 4162 quibus
1156 4079 1282 4145 invicem

139 4178 298 4252 paternum
307 4179 443 4235 nostmm
455 4175 484 4236 in
497 4183 526 4237 te
539 4176 673 4238 animum
682 4178 824 4259 preclare
834 4178 887 4239 tibi
897 4178 1041 4240 hactenus
1050 4175 1202 4254 cognitum
1211 4174 1283 4236 ube-

137 4270 267 4331 rioribus
279 4278 381 4331 temen
394 4271 508 4334 indiciis
521 4275 699 4338 confirmare
714 4277 809 4356 magis
822 4277 852 4337 in
866 4276 928 4338 dies
942 4275 1106 4355 possimus,
1121 4272 1207 4351 cujus
1227 4291 1283 4334 ve-

138 4370 208 4431 dem
221 4389 257 4431 ac
269 4371 394 4432 roelestis
407 4372 509 4451 gratia
519 4373 670 4453 auspicem
685 4374 879 4454 apostolicam
899 4369 1135 4431 benedictionem
1148 4368 1200 4431 tibi
1212 4415 1221 4448 ‚
1233 4369 1283 4431 di-

139 4467 297 4529 lectissima
314 4469 343 4529 in
357 4468 473 4529 Christo
493 4469 554 4530 iilia
577 4478 694 4549 nostra,
710 4477 826 4548 tueque
841 4467 983 4528 universe
1004 4466 1160 4528 Electorali
1175 4467 1281 4527 borum
