3194 5354
219 527 270 577 1³8
651 515 853 571 CLEMENTlS
869 516 934 570 xlv

216 625 321 690 Mortis
334 624 533 686 meditatione
544 623 602 704 ipsi
611 622 822 684 tantummodo
837 622 947 700 vivere,
961 638 1016 683 eeu
1026 622 1127 703 potius
1141 640 1203 685 una
1216 642 1292 687 eum
1304 629 1373 709 lpso

216 722 369 804 cmcifim',
387 730 418 784 et
434 722 581 784 commori
596 721 704 802 possis.
724 720 800 782 Cum
813 719 915 800 itaque
923 718 1104 783 intellexeris
1116 738 1214 803 nuper
1228 723 1371 788 adilectc

218 825 280 886 lilio
304 823 399 885 Paulo
425 823 463 885 de
482 822 576 883 Gruce
586 820 774 897 institutum,
795 836 813 880 a
832 817 983 898 Nobisque
1005 816 1169 898 apostolica
1188 822 1373 885 auctoritate

216 923 446 1004 comprobatum
460 939 524 983 esse
543 919 693 981 Passionis
702 916 809 979 abiisti
821 921 1031 997 nuncupatum
1041 915 1195 995 ordinem,
1208 925 1241 980 et
1250 923 1371 984 consti-

216 1028 317 1083 tutum
335 1020 427 1082 etiarn
441 1018 605 1081 incivitate
618 1017 901 1078 nostraCornetnna
915 1015 953 1077 ad
970 1014 1106 1095 ejusdem
1125 1016 1206 1096 leges
1226 1036 1284 1098 pro
1296 1038 1370 1082 mu-

218 1117 341 1180 lieribus
352 1114 532 1200 recipiendis
545 1114 777 1195 Menedemum,
790 1117 861 1178 illue
878 1123 1001 1198 repente
1011 1115 1173 1178 convolare
1184 1115 1250 1196 jam
1262 1119 1368 1200 cupis,

216 1214 387 1297 ibidemque
401 1233 487 1278 sacro
501 1220 625 1296 accepto
638 1212 761 1292 babitu,
776 1219 861 1277 tuam
871 1215 901 1275 in
914 1216 986 1276 lesu
1001 1212 1118 1275 Christo
1127 1213 1221 1277 vitam
1234 1215 1368 1280 abscou-

216 1315 297 1377 dere.
314 1316 393 1377 Petis
408 1316 497 1396 igitur
510 1335 528 1377 a
540 1314 650 1393 Nobis,
665 1323 810 1396 tanquam
826 1332 844 1376 a
863 1320 916 1375 tuo
930 1314 961 1374 in
981 1312 1098 1375 Christo
1109 1314 1252 1392 Parente,
1265 1323 1301 1376 ut
1311 1316 1368 1394 ju-

215 1414 329 1474 dicium
345 1415 570 1495 interponamus
584 1419 739 1490 nostrum,
759 1412 850 1492 idque
862 1429 976 1474 novum
996 1411 1064 1473 vitre
1078 1410 1249 1473 institutum
1267 1415 1367 1476 ausci-

214 1511 314 1592 piendi
327 1519 506 1592 potestatem
519 1509 590 1588 tibi,
602 1510 626 1572 si
641 1510 672 1572 in
684 1510 811 1573 Domino
825 1510 985 1588 videbitur,
994 1509 1208 1572 concedamus.
1221 1511 1283 1572 Nos
1292 1530 1366 1575 eane

215 1616 246 1669 et
256 1606 821 1690 propositumboctuumvebementer,
831 1606 1363 1690 utparest,collaudamus‚et8ancti

213 1707 342 1788 Spiritus
356 1706 458 1769 atilatu
479 1706 560 1768 hunc
577 1706 632 1768 tibi
646 1706 815 1769 immissum
835 1705 971 1769 animum
991 1725 1073 1783 esse,
1092 1712 1237 1788 tantoque
1256 1708 1364 1772 ardore
1409 1736 1416 1757 ·

219 1805 441 1868 inflammatum
461 1805 624 1868 certissime
642 1805 862 1886 cognoscimus.
878 1803 1262 1887 Divinoproindeejusdcm
1283 1807 1315 1868 in
1333 1816 1363 1870 te

217 1903 387 1981 molimina,
404 1920 470 1984 qua
483 1903 520 1965 ad
535 1903 702 1984 erigendam
717 1904 823 1966 animae
835 1909 895 1966 tuae
906 1904 1111 1982 securitatem,
1127 1922 1164 1967 nc
1176 1904 1361 1986 proiectum,

216 1998 255 2061 ad
269 1999 349 2062 illius
363 2000 476 2062 ordinis
489 2000 574 2062 initia
591 2000 704 2082 optime
715 2000 943 2078 constituenda,
959 2001 997 2062 ad
1017 2001 1153 2063 omnium
1171 2003 1360 2084 exemplum.

214 2099 252 2160 ad
267 2100 406 2162 Ecclesia
419 2100 597 2177 utilitatem,
615 2099 653 2161 ad
672 2102 725 2161 liet
743 2098 869 2178 gloriam
890 2098 954 2160 sine
976 2099 1037 2160 ulla
1050 2098 1238 2163 dubitatione
1258 2099 1362 2166 reterri

214 2198 367 2276 videmus,
388 2207 504 2262 tantum
517 2201 617 2277 abest,
630 2208 664 2261 ut
675 2198 721 2260 vel
738 2197 883 2280 impedire
897 2197 1079 2275 ullomodo,
1092 2197 1244 2260 ueletiam
1261 2206 1361 2261 retar-

215 2296 287 2358 dare
301 2296 440 2373 velimus,
466 2304 500 2358 ut
521 2297 661 2374 consilio,
676 2297 819 2377 omnique
840 2313 914 2377 cpe,
934 2313 1044 2376 opera,
1068 2301 1158 2375 atque
1181 2295 1359 2358 auctoritate

213 2400 316 2455 nostra
331 2394 436 2455 cadem
456 2394 634 2474 prouehere,
648 2401 736 2473 teque
752 2402 805 2455 tua
825 2399 931 2475 sponte
950 2400 1015 2454 tam
1033 2394 1175 2474 preclare
1189 2402 1360 2459 currentem

212 2499 315 2551 nostra
332 2491 435 2551 itidem
454 2490 678 2568 cohortatione,
692 2510 727 2552 ac
744 2490 833 2552 lande
847 2508 1028 2572 magnopere
1047 2491 1172 2553 incitare
1192 2495 1359 2558 contenda-

212 2606 291 2648 mus.
306 2589 438 2666 Sequere
452 2587 553 2666 igitnr,
566 2587 675 2650 dilecta
686 2588 717 2649 in
731 2589 848 2650 Christo
859 2589 933 2651 Filia
941 2589 1056 2651 Nobilis
1069 2589 1187 2668 Mulier,
1200 2600 1359 2657 vocantem

208 2695 238 2746 te
255 2688 369 2762 Deum,
392 2686 430 2747 ad
448 2687 650 2748 sanctissimas
662 2685 769 2747 Christi
784 2687 883 2767 sponsi
900 2705 1031 2769 propera
1050 2688 1186 2768 nuptias,
1200 2689 1286 2752 illum
1303 2711 1358 2754 oc-

207 2803 298 2864 cupa,
314 2783 480 2844 sanctitatis
492 2789 615 2863 portum
635 2783 715 2845 unde
732 2783 974 2864 expeditissimus
986 2792 1068 2847 extet
1079 2785 1118 2846 ad
1129 2787 1282 2850 coelestem
1298 2790 1356 2853 im·

207 2883 429 2964 mortalemque
439 2881 567 2962 gloriam
578 2881 731 2943 transitus.
747 2883 845 2955 Quare
856 2883 917 2943 Nos
929 2888 958 2943 te
969 2883 1040 2944 binc
1050 2884 1276 2964 quamprimum
1285 2889 1358 2949 emi·

205 2981 309 3060 grandi
335 2981 492 3064 cupidam,
515 2987 604 3062 atque
637 2979 707 3042 illuc
728 2998 848 3041 summa
872 2980 964 3041 animi
993 2981 1146 3044 alacntate
1166 2980 1358 3048 festinantem

206 3085 331 3159 patema
345 3079 508 3161 apostolica
517 3076 727 3140 benedictione
736 3076 778 3138 ita
787 3076 1009 3158 prosequimur,
1020 3084 1054 3139 ut
1065 3077 1192 3140 eandem
1205 3071 1355 3143 latissimo

208 3175 314 3238 divina
334 3176 550 3239 benedictionis
568 3174 702 3256 auspicio
724 3173 885 3236 extiturum
901 3173 955 3235 tibi
974 3174 1138 3237 esselacile
1153 3175 1352 3239 confidamus.

207 3275 239 3332 ln
252 3272 373 3352 quidem
395 3273 495 3334 illicin
516 3272 622 3334 Christi
643 3271 760 3334 Domini
774 3272 905 3353 pasceris
925 3273 1056 3351 divitiis,
1070 3274 1135 3352 ejus
1147 3273 1296 3351 Passioni,
1316 3292 1353 3336 ac

205 3369 294 3429 morti
314 3369 489 3446 conjuncta,
514 3369 577 3448 ipse
598 3387 668 3431 vero
684 3370 860 3433 monialium
883 3370 977 3448 crdo,
1000 3371 1087 3451 cuius
1108 3389 1204 3452 nuper
1221 3391 1240 3434 a
1258 3371 1355 3434 Nobis

207 3465 358 3545 probatae,
381 3465 559 3546 sancitaque
581 3472 650 3527 sunt
666 3467 762 3546 leges,
779 3467 881 3529 fausta
909 3468 1008 3549 capiet
1026 3475 1080 3529 tua
1099 3470 1269 3531 escesdune
1285 3470 1353 3551 pri-

201 3563 335 3638 mordia,
351 3582 417 3646 qua
428 3570 462 3625 ut
475 3563 575 3624 divino
588 3563 710 3626 consilio
721 3564 879 3627 referenda
894 3583 960 3627 esse
974 3565 1166 3645 arbitramur,
1181 3569 1224 3630 ita
1235 3586 1353 3651 oppor-

202 3662 361 3724 tunitatem
371 3662 450 3724 banc
463 3661 614 3742 praeterire
623 3680 684 3724 non
696 3661 858 3742 debemus,
873 3670 907 3725 nt
919 3682 981 3725 non
992 3664 1092 3726 solum
1106 3670 1137 3726 te
1147 3666 1278 3746 primam
1287 3684 1352 3728 esse

201 3776 272 3818 curn
285 3759 398 3820 caeteris
411 3759 441 3821 in
455 3759 571 3820 Christo
589 3759 742 3820 sororibus
756 3760 815 3821 tuis
831 3760 909 3823 illius
923 3760 1112 3839 monasterii,
1132 3768 1222 3843 atque
1238 3762 1351 3825 ordinis

204 3853 419 3933 laudatricem,
432 3876 467 3917 ac
480 3856 689 3919 institutricem
706 3856 845 3934 velimus,
863 3855 915 3918 sed
927 3859 961 3935 tej
970 3857 1101 3938 primam
1112 3857 1204 3921 etiam
1215 3859 1350 3939 ejusdem

200 3951 385 4035 superiorem
397 3953 552 4014 Pontilicia
562 3953 739 4015 auctoritate
753 3953 979 4031 constituimus,
995 3973 1049 4036 per
1066 3955 1156 4017 hasce
1170 3957 1351 4036 apostolicas

200 4052 229 4112 in
238 4050 336 4115 forma
348 4050 449 4112 Brevis
461 4051 584 4129 litteras,
597 4070 664 4132 quer
674 4051 712 4112 ad
721 4059 751 4113 te
760 4053 1014 4132 transmittuntur,
1027 4062 1117 4135 teque
1126 4054 1259 4136 primum
1271 4055 1354 4117 illius

199 4151 382 4230 monasterii,
400 4169 436 4210 ex
448 4168 509 4229 quo
522 4149 592 4210 illuc
608 4148 776 4228 adveneris,
788 4148 944 4230 presidem
955 4149 1092 4228 iacimus,
1104 4150 1347 4214 etdeclaramus.

199 4246 274 4306 lllud
285 4249 376 4310 etiarn
385 4257 439 4310 tua
449 4248 559 4329 pietate
571 4243 789 4328 prudentiaque
800 4246 867 4309 ireti
883 4248 1009 4329 benigne
1018 4248 1221 4329 indulgemus,
1234 4252 1267 4309 el
1276 4266 1354 4312 con*

198 4341 346 4418 cedimus,
364 4353 396 4406 ut
416 4361 564 4406 novorum
588 4342 691 4403 itidem
716 4345 966 4407 monasteriorum
989 4344 1196 4422 fundationes,
1217 4364 1349 4425 quarum

198 4437 359 4518 postmodo
373 4440 519 4503 iacturum
530 4442 559 4501 in
575 4448 661 4501 tuum
675 4441 810 4503 ordinem
824 4442 989 4522 acceptatio
1005 4449 1175 4523 expetatur,
1189 4448 1351 4524 acceptare

196 4535 278 4618 ipsu,
292 4541 402 4616 tuoque
416 4538 513 4599 ordini
526 4557 685 4618 aggregare
698 4539 808 4602 valeas.
824 4541 921 4602 Facile
932 4542 993 4603 Nos
1008 4540 1046 4602 ad
1057 4540 1243 4609 credendum
1255 4539 1348 4606 indu·
