3194 5354
395 534 576 588 EPISTOLAE
595 533 639 588 ET
658 533 788 587 nnuvls
809 533 1042 587 SELECTIORA.
1243 539 1291 591 illi

632 717 801 786 CLXXIV.

405 878 569 920 canrssrno
592 877 626 918 m
649 876 785 918 cnarsro
809 875 892 916 armo
916 874 1034 916 nosrao

243 960 468 1048 ]STANISLiiO
489 937 668 1033 AUGUSTO
690 971 869 1035 POLONIAE
890 971 983 1031 REGI
1004 970 1181 1034 ILLUSTRI
1291 971 1293 977 ¹

369 1136 373 1143 =
423 1072 424 1076 Ν
457 1084 691 1163 CLEMENS
719 1087 847 1164 PAPA
875 1084 982 1162 XIV.

856 1238 953 1294 Rome,
968 1233 1146 1284 reducentes
1162 1240 1229 1285 llll.

188 1334 366 1401 consume,
387 1339 443 1392 etc.
468 1330 599 1391 Perculsi
621 1330 783 1391 incredibili
802 1331 905 1391 dolore
927 1330 1054 1407 inimus,
1070 1349 1141 1393 cum
1160 1333 1294 1412 primum

145 1429 302 1491 horribiles
317 1427 357 1488 illi
368 1474 376 1504 ,
388 1425 499 1508 quibus
513 1425 701 1488 conflictatus
712 1444 745 1486 es
757 1472 764 1502 ,
776 1445 875 1503 casus,
896 1427 999 1506 visque
1015 1428 1111 1506 Regio
1122 1427 1188 1490 vitu
1198 1428 1292 1506 illata,

144 1545 181 1587 ac
194 1524 332 1587 intentati
341 1523 394 1585 tibi
405 1522 530 1607 periculi
542 1521 718 1602 magnitudo
730 1523 822 1585 Nobis
831 1523 1057 1585 nunciarentur.
1072 1525 1133 1587 Etsi
1146 1543 1201 1589 nos
1210 1546 1294 1590 sem·
1346 1562 1351 1573 ·

143 1642 197 1706 per
215 1629 302 1684 antea
313 1622 427 1684 conscii
439 1629 547 1683 nostra
567 1619 703 1702 plurimae
721 1638 792 1700 erga
809 1625 839 1681 te
853 1619 985 1682 caritatis
1003 1620 1177 1702 fuissemus,
1193 1643 1230 1686 ex
1242 1625 1293 1687 illo

144 1727 246 1781 nmen
256 1765 264 1796 ,
276 1737 338 1798 quo
357 1717 456 1779 allecti
471 1724 537 1779 tum
554 1723 644 1798 atque
659 1716 793 1797 oppressi
807 1733 885 1798 pene
899 1735 1037 1795 eramus,
1057 1718 1164 1781 intimo
1176 1723 1293 1802 paterni

144 1817 235 1878 animi
263 1835 352 1877 sensu
375 1821 523 1895 quantum
546 1819 576 1874 te
604 1812 815 1892 diligeremus,
843 1813 974 1875 maxime
1002 1816 1207 1895 cognovimus.
1233 1819 1294 1880 Sed

143 1914 294 1975 ereximus
314 1929 387 1989 nos,
408 1909 562 1971 carissime
582 1908 612 1970 in
627 1908 743 1970 Clnisto
763 1909 804 1970 tili
829 1915 952 1987 noster,
968 1928 1005 1973 ac
1022 1929 1083 1974 nou
1105 1914 1295 1978 mediocriter

144 2010 366 2084 remeavimus,
381 2026 451 2068 cum
466 2010 496 2066 in
514 2013 579 2067 tuto
592 2005 685 2067 vitam
696 2011 781 2066 tuam
794 2023 858 2068 csse
868 2005 1015 2086 positam,
1035 2026 1070 2069 ac
1084 2009 1225 2090 singulari
1239 2013 1292 2073 Dei

144 2107 290 2170 beneficio
307 2112 456 2167 servatam
468 2123 505 2165 ex
519 2103 578 2165 tuis
597 2103 762 2184 praesertim
780 2103 888 2180 literis,
901 2124 976 2185 quas
998 2106 1191 2186 cupidissime
1208 2127 1294 2170 acce·

145 2206 260 2287 pimus,
273 2203 514 2283 intelligeremus.
531 2202 638 2263 Statim
661 2202 762 2281 itaque
776 2203 981 2264 convertimus
995 2203 1209 2282 cogitationem
1220 2223 1294 2266 nos-

145 2310 226 2364 tram
240 2301 277 2363 ad
302 2304 398 2363 Deum
417 2303 453 2362 0.
475 2301 516 2361 bl.
537 2301 624 2378 cujus
636 2299 737 2361 effusa
751 2300 781 2360 in
795 2307 824 2362 te
843 2299 1054 2362 misericordia
1067 2318 1144 2381 pene
1158 2300 1294 2381 prodigia

143 2396 560 2474 suntaNobisanimadversa,
568 2398 727 2478 eidemque
736 2399 1009 2460 etincolumitatem
1016 2399 1295 2462 commendavimus

144 2505 229 2557 tuam
242 2501 406 2575 etquantas
417 2493 1072 2576 maximassspotuimus.persolvimus'gratias;
1088 2515 1124 2557 ac
1134 2505 1295 2578 propterea
1322 2515 1328 2532 ‘

145 2592 237 2654 etiam
255 2593 293 2654 ad
307 2592 439 2654 Polonin
452 2592 582 2654 nationis
594 2594 743 2675 templum
753 2612 824 2655 cum
837 2593 948 2656 ibidem
960 2614 1016 2674 pro
1032 2594 1124 2674 Regia
1137 2596 1295 2673 Maiestate
1371 2661 1373 2666 A

146 2692 210 2752 Tua
227 2700 296 2752 vota
311 2691 430 2771 publico
447 2691 572 2768 tierent,
587 2692 790 2772 perreximus,
805 2693 919 2775 tibique
934 2692 1066 2756 secunda
1073 2690 1107 2752 'in
1117 2698 1272 2773 posterum
1285 2738 1295 2770 ,

144 2787 259 2865 sauata,
275 2807 311 2851 ac
324 2788 424 2851 felicia
445 2789 546 2850 omnia
561 2791 676 2869 precati
691 2809 805 2854 sumus.
824 2792 899 2852 [llud
916 2790 1065 2871 precipue
1085 2788 1216 2852 adivina
1230 2789 1295 2850 cle—

145 2886 257 2946 mentia
280 2885 537 2946 obsecrationibus
560 2886 670 2947 nostris
695 2886 921 2962 contendimus,
949 2895 982 2947 ut
1002 2885 1295 2946 turbulentissimum

144 2999 247 3041 rerum
273 2981 399 3041 istarum
420 2987 533 3041 statum
551 2981 591 3041 ad
613 3000 682 3042 earn
706 2981 975 3061 tranquillitatem,
995 3000 1031 3041 ac
1052 2998 1160 3059 paoem
1181 2979 1293 3042 referre

95 3118 98 3124 -
145 3077 268 3139 tandem
279 3076 367 3151 velit,
385 3076 464 3137 unde
483 3077 634 3138 maximus
647 3095 707 3138 suae
721 3077 821 3155 gloria
834 3076 965 3151 fructus,
987 3074 1147 3136 Catholicae
1159 3074 1296 3135 videlicet

146 3173 299 3252 religionis
314 3173 446 3250 utilitas,
465 3192 500 3233 ac
515 3172 658 3253 pristinus
670 3173 758 3234 isthic
772 3173 892 3252 pietatis
911 3172 1052 3252 splendor
1066 3173 1185 3234 existat.
1200 3173 1292 3235 Exci-

46 3303 53 3314 ·
145 3279 191 3333 tat
201 3271 280 3332 banc
298 3272 327 3332 in
341 3271 433 3332 Nobis
445 3287 550 3350 spem,
572 3269 726 3331 carissime
740 3269 771 3331 in
790 3268 906 3330 Christo
923 3268 965 3329 lili
977 3277 1077 3330 noster
1089 3313 1097 3344 ,
1111 3268 1296 3331 admirabilis

147 3371 197 3430 illa
210 3369 301 3430 divini
318 3369 432 3429 consilii
453 3369 548 3445 ratio,
557 3387 619 3448 qua
633 3376 662 3428 te
675 3366 860 3448 apericulis,
873 3372 989 3447 atquea
1007 3373 1105 3427 morte
1116 3365 1289 3429 vindicarit.

147 3467 232 3540 Quod
254 3466 365 3528 idcirco
384 3465 499 3529 iactum
512 3464 676 3527 certissime
693 3466 731 3526 ab
745 3483 782 3525 eo
794 3463 1005 3540 videturesse,
1019 3470 1053 3524 ut
1066 3470 1096 3525 te
1116 3464 1295 3543 superstite,

148 3575 257 3645 tuaque
272 3584 382 3646 opera,
395 3572 449 3626 tua
464 3564 575 3625 uirtute
588 3563 724 3623 turbatas
738 3562 832 3641 Regni
846 3561 933 3624 istius
950 3561 1148 3642 Ecclesiaeque
1161 3560 1295 3624 rationes

149 3661 304 3723 stabiliret.
318 3664 429 3724 Gratus
445 3659 545 3722 eidem
555 3676 612 3741 pro
624 3665 709 3720 tanto
726 3658 874 3721 beneficio
892 3658 988 3738 magia
1008 3677 1073 3720 esse
1085 3677 1146 3720 non
1162 3661 1295 3740 poteris,

148 3758 277 3836 quamsi
300 3767 427 3840 recepta
440 3759 479 3820 ab
490 3777 527 3820 eo
538 3757 606 3819 rita
623 3775 747 3818 cursum
764 3775 898 3834 omnem,
913 3775 1079 3837 omnesque
1097 3756 1195 3838 regias
1205 3777 1297 3823 curas

149 3852 247 3915 eidem
271 3855 440 3935 obstringas
466 3873 502 3915 ac
525 3855 683 3915 devoveas.
706 3853 803 3915 Multo
822 3861 888 3915 tum
911 3855 1008 3934 magis
1027 3855 1129 3934 palam
1151 3854 1295 3921 omnibus

149 3950 239 4013 iacies
254 3970 346 4031 quam
361 3953 440 4014 laves
455 3959 545 4031 atquo
563 3950 668 4014 inanes
679 3949 739 4014 siut
752 3950 893 4033 speciosa
904 3951 959 4016 illa
970 3951 1209 4016 adversariorum
1223 3960 1295 4015 tuo-

151 4067 218 4111 rum
238 4049 457 4126 excusationes,
469 4049 521 4129 qui
538 4066 582 4125 se,
603 4055 637 4111 ut
658 4050 749 4128 nosti,
764 4051 896 4113 nationis
907 4070 968 4113 suo
980 4052 1051 4130 jura
1060 4066 1251 4132 propugnare
1263 4056 1294 4112 ot

150 4145 307 4208 Fatboliore
330 4146 482 4224 religionis
509 4147 721 4209 auctoritatem
741 4147 819 4210 tueri
839 4147 1026 4229 profitentur.
1052 4149 1145 4210 Nulla
1166 4145 1293 4226 quidum

148 4261 215 4303 esse
228 4260 361 4324 unquam
375 4251 499 4322 possunt
517 4262 576 4306 uon
591 4245 815 4325 improbanda,
833 4265 869 4308 ac
882 4265 1005 4327 prorsus
1016 4245 1207 4326 repudianda
1223 4252 1294 4311 luu-

152 4350 252 4408 torum
270 4339 439 4402 facinorum
459 4361 574 4416 causa3
595 4343 659 4404 illas
672 4351 773 4406 tamen
797 4344 888 4425 ipsas,
903 4361 1098 4424 quocumque
1118 4341 1292 4421 afferantur,

151 4435 291 4498 l'aoillime
304 4444 368 4499 tum
382 4439 637 4504 concitalaeetiam
647 4441 831 4504 multitudini
845 4441 954 4521 eripies
965 4459 999 4500 ac
1009 4438 1211 4519 extorquebis,
1222 4460 1292 4505 curn

152 4531 262 4595 nullius
276 4534 408 4613 majora,
431 4554 523 4615 quam
544 4542 595 4599 tun
608 4558 664 4618 pro
685 4538 826 4618 religione
841 4537 1004 4618 patriisque
1022 4535 1134 4616 legibus
1147 4555 1210 4600 esse
1226 4544 1292 4600 stu*
