3194 5354
674 478 880 535 athlantis
895 480 962 535 xlv

778 658 861 728 xm.

588 829 729 873 ratusrar
750 831 789 873 rc
811 827 1046 874 rorsnrrssruo

421 946 681 1008 hausturum
706 945 924 1016 PRINCIPI,
953 943 1030 1004 aul
1058 943 1209 1013 scuta,

538 1075 773 1155 crunnus
814 1077 942 1195 papa
983 1072 1089 1153 xia

964 1258 1059 1317 Reme,
1073 1260 1089 1307 t
1102 1254 1237 1308 umbra
1253 1261 1322 1315 ttae.

283 1374 440 1444 illustris,
463 1379 520 1432 ete.
536 1373 616 1433 Inter
632 1372 763 1453 plurima
782 1389 818 1433 ac
837 1369 1015 1451 gravissima
1036 1371 1179 1450 negotia,
1199 1370 1309 1451 quibus
1327 1371 1389 1436 hoc

244 1469 338 1534 nostri
367 1467 523 1531 ministerii
548 1469 709 1551 pastoralis
736 1468 821 1531 initio
838 1467 1035 1544 distinemur,
1059 1468 1149 1530 istam
1168 1469 1265 1550 gregis
1291 1473 1386 1534 nostri

243 1570 415 1631 Graecorum
438 1566 609 1629 Melchitam
627 1567 797 1649 portionem
819 1565 954 1630 oblivisci
973 1583 1034 1628 non
1050 1583 1226 1647 possumus,
1242 1566 1387 1648 adquam

179 1740 184 1748 ¹
241 1665 359 1747 quoties
371 1664 506 1726 animum
519 1664 721 1728 convertimus
733 1667 744 1743 (
751 1665 833 1746 quod
843 1663 967 1746 quidem
978 1679 1109 1745 persepe
1124 1682 1159 1726 ac
1174 1663 1302 1726 libenter
1313 1664 1388 1727 iaci·

242 1763 341 1839 mus),
354 1760 443 1824 toties
454 1761 650 1823 obversantur
659 1761 753 1823 Nobis
764 1766 835 1824 ante
844 1761 1021 1824 oculosnon
1028 1760 1163 1842 vulgaria
1173 1760 1224 1822 illa
1235 1760 1385 1823 aCelsitu-

241 1860 311 1921 dine
324 1861 391 1921 Tua
403 1857 436 1920 in
447 1856 586 1921 eamdem
596 1858 707 1922 collata
720 1858 878 1922 beneficia.
898 1860 942 1920 Fe
963 1858 1044 1921 enim
1055 1857 1223 1939 perdifficili
1235 1865 1385 1939 tempore,

219 1975 305 2038 .quo
316 1956 354 2018 de
368 1955 573 2037 patriarchatu
580 1955 758 2018 venerabilis
771 1955 872 2020 fratris
881 1955 1059 2033 Theodosii,
1071 1956 1168 2036 deque
1185 1955 1301 2018 dilectis
1314 1955 1386 2018 tiliis

240 2054 397 2118 monachis
420 2053 576 2117 Basilianis
603 2051 841 2133 congrmationis
869 2051 1002 2114 Soairita
1031 2052 1195 2133 agebatur,
1219 2051 1385 2134 plurimum

238 2151 335 2214 extitit
348 2150 482 2214 studium
496 2147 710 2231 utpreeidium
719 2156 822 2227 tuum,
838 2156 872 2211 ut
884 2168 939 2211 sua
954 2149 999 2211 vis
1009 2149 1181 2240 apostolicae
1192 2149 1272 2211 sedis
1282 2147 1385 2212 decre·

237 2248 275 2311 tis
292 2255 383 2328 esset,
402 2254 519 2328 tuaque
530 2263 648 2327 opere,
662 2245 789 2307 consilio
801 2291 810 2324 ,
820 2251 921 2326 'atque
945 2246 1115 2308 auctoritati
1131 2245 1234 2308 referri
1252 2247 1385 2311 maxime

238 2345 327 2408 dehet
339 2343 485 2427 quidquid
495 2343 534 2406 ab
544 2342 650 2406 illustri
664 2348 695 2405 et
708 2342 918 2423 potentissimo
930 2341 1066 2424 principe
1075 2342 1179 2405 Emiro
1192 2343 1314 2406 Mausur
1326 2343 1385 2407 tra-

236 2448 282 2502 tre
292 2448 346 2503 tuo
354 2447 471 2521 gestum
486 2446 559 2501 tunc
571 2437 628 2500 tuit
640 2438 679 2500 ad
697 2438 886 2503 reducendos
901 2439 932 2501 in
944 2440 1080 2504 officium
1099 2459 1136 2504 ac
1149 2441 1180 2503 in
1190 2441 1384 2505 concordiam

237 2537 425 2599 contumacis
441 2554 478 2597 ac
498 2534 668 2597 dissidentis
688 2535 782 2614 partis
804 2535 940 2614 animos,
954 2536 992 2601 ad
1008 2537 1155 2601 tuendum
1175 2538 1214 2600 ah
1236 2538 1385 2602 intentata

237 2633 398 2714 presidum
410 2632 439 2693 vi
458 2631 598 2694 eumdem
616 2631 835 2712 patriarcham,
848 2639 880 2694 et
897 2633 935 2695 ad
955 2635 1022 2698 illos
1040 2634 1183 2700 Soairitas
1200 2636 1383 2714 Monachus,

236 2731 276 2793 ab
293 2731 383 2793 illatis
399 2747 453 2810 per
470 2727 594 2790 cosdem
615 2727 754 2809 praesides
770 2728 886 2808 injuriis
903 2731 1110 2796 vindicandos.
1126 2735 1195 2796 Hec
1208 2735 1270 2796 Nos
1288 2733 1383 2816 probe

235 2834 462 2908 cognoscentes,
473 2831 621 2907 quantum
633 2825 805 2891 Gelsitudini
823 2831 894 2892 Tua
913 2830 1261 2909 debeamus,deolarare
1277 2833 1384 2897 statui-

234 2945 321 3005 mus,
342 2925 425 3007 quod
447 2925 614 2987 luculenter
635 2941 690 3005 per
707 2924 798 2989 hasce
814 2934 933 2990 nostras
953 2929 1067 2993 litteras
1089 2931 1234 3008 iacimus,
1261 2928 1390 3015 unaque

99 3070 102 3074 -
233 3024 382 3088 maximas
400 3024 548 3087 habemus
565 3023 694 3103 gratias,
709 3023 757 3085 vel
770 3024 811 3086 ob
824 3024 855 3086 id
874 3025 982 3105 etiam,
1000 3027 1083 3110 quod
1104 3046 1141 3091 ex
1158 3029 1305 3091 anteactis
1320 3049 1338 3092 a
1353 3035 1383 3092 te

233 3123 323 3184 rebus
338 3121 500 3202 plurimam
512 3120 543 3181 in
554 3117 647 3181 Nobis
661 3136 747 3199 spem
762 3118 891 3197 excitas,
901 3119 966 3184 iore
979 3127 1014 3184 ut
1026 3122 1225 3205 imposterum
1238 3123 1305 3205 pari
1322 3124 1383 3187 sin·

234 3218 345 3296 galeris
354 3217 513 3297 patrocinii
531 3216 578 3278 tui
587 3216 686 3295 gratia
699 3216 777 3278 tueri
790 3233 826 3279 ae
836 3216 937 3281 lovere
947 3237 1056 3300 pergas
1068 3226 1133 3283 tam
1144 3220 1245 3301 ipsum
1253 3219 1383 3300 patriar-

235 3313 325 3375 cham
335 3308 558 3389 Theodosium,
571 3318 603 3373 et
615 3313 782 3375 monachos
794 3313 867 3376 istos
877 3315 1021 3378 Soairitns
1032 3335 1163 3397 quorum
1176 3315 1323 3398 plurimus
1331 3323 1383 3379 est

234 3430 291 3494 pro
309 3412 404 3473 salute
420 3409 590 3472 animarum
607 3410 709 3487 labor,
728 3429 821 3492 quam
839 3430 964 3491 omnes,
981 3413 1033 3495 qui
1051 3414 1139 3478 isthic
1156 3415 1186 3477 in
1207 3413 1381 3477 mesroano

234 3510 367 3591 degunt,
381 3507 571 3584 christianos,
584 3506 622 3570 de
635 3507 746 3587 quibus
758 3507 950 3572 vehementer
959 3509 1077 3573 solliciti
1088 3529 1124 3573 ac
1135 3510 1262 3575 studiosi
1275 3517 1306 3574 et
1314 3529 1381 3575 esse

233 3608 379 3670 debemus
389 3612 545 3668 etsumus.
563 3606 710 3684 Majorem
725 3604 815 3685 igitur
832 3606 864 3669 in
880 3606 1006 3670 modum
1019 3625 1072 3670 eos
1087 3627 1193 3673 omnes
1207 3607 1381 3673 celsitudini

234 3708 305 3766 Tua
318 3701 583 3779 commendamus,
598 3702 696 3764 acilia
709 3721 764 3783 pro
779 3703 886 3767 iisdem
904 3723 921 3767 a
941 3710 972 3766 tc
989 3705 1121 3787 petimus
1140 3707 1294 3789 presidia,
1313 3725 1385 3788 qua

234 3820 335 3864 rerum
360 3820 396 3862 ac
413 3807 584 3882 temporum
605 3802 846 3883 opportunitates
871 3803 1024 3884 postulare
1044 3804 1237 3867 videbuntur.
1253 3804 1288 3866 ld
1308 3823 1328 3866 a
1351 3811 1382 3867 te

234 3898 469 3961 cumulatissime
486 3901 651 3979 prestitum
666 3900 701 3962 iri
715 3901 757 3963 ita
772 3901 971 3979 confidimus,
987 3910 1021 3966 ut
1034 3903 1152 3985 egregie
1169 3903 1208 3965 de
1221 3909 1382 3985 perspecta

233 4014 353 4061 summa
371 3996 558 4060 humanitate
572 4017 608 4061 ac
620 3998 712 4061 animi
725 4000 769 4061 tui
790 3999 996 4079 magnitudine
1010 4008 1041 4063 et
1053 4000 1198 4082 sapientia
1218 4000 1379 4063 sentimus.

234 4099 275 4157 lte
287 4094 381 4158 Nebis
395 4093 528 4156 vicissim
545 4096 597 4158 illa
609 4103 640 4159 te
651 4097 824 4160 existimare
837 4098 993 4179 cupimus,
1008 4106 1042 4161 ut
1056 4099 1252 4163 libentissime
1268 4097 1381 4162 facturi

235 4192 328 4254 simus
345 4190 556 4273 quidquidtibi
569 4198 689 4272 gratum
701 4193 820 4273 tuisque
831 4193 922 4256 rebus
935 4202 1140 4277 opportunum
1153 4211 1287 4275 unquam
1297 4192 1382 4258 lutu-

233 4306 302 4350 rum
312 4289 365 4366 sit,
377 4308 475 4369 neque
491 4287 543 4349 ulli
555 4286 711 4350 defuturos
727 4307 794 4350 esse
806 4290 972 4368 occasioni,
994 4310 1054 4371 qua
1068 4292 1150 4354 hunc
1161 4296 1298 4354 nostrum
1307 4309 1381 4372 erga

234 4393 264 4447 tc
280 4386 546 4448 luculentissimum
560 4385 693 4447 animum
712 4386 811 4467 reipsa
823 4390 1241 4452 testemuretconflrmemus.
1256 4389 1380 4451 Interim

234 4482 406 4546 Celsitudini
419 4491 476 4546 tua
490 4485 597 4547 intimo
616 4483 710 4545 nostri
730 4483 829 4545 cordis
851 4503 939 4548 sensu
955 4505 971 4547 a
992 4489 1143 4552 honorum
1157 4489 1295 4552 omnium
1308 4506 1380 4550 auc·
