3194 5354
472 511 656 570 EPlSTOLAE
672 512 719 566 El*
739 508 873 566 ausvis
892 510 1127 566 SELECl'lORA.
1320 515 1374 567 m

226 622 311 684 illum
334 621 395 682 Nos
413 619 450 682 ad
469 619 529 681 boc
547 634 660 680 munus
680 617 806 680 libenter
827 634 897 678 cum
911 616 950 678 ob
967 615 1123 678 clarissimi
1138 614 1256 695 generis
1271 616 1376 698 splen-

220 716 350 792 dorem,
373 722 440 777 tum
460 713 503 777 ob
524 731 651 776 snorum
671 730 792 775 morum
816 711 1022 792 virtutumque
1039 711 1244 791 musianusm
1262 711 1376 793 delegi-

223 813 514 893 meminimusque
537 811 738 892 ambigimus,
760 810 834 891 quia
856 806 1168 873 commendatissimas
1185 808 1239 871 tibi
1255 808 1375 872 iuturus

222 911 384 991 mmmm
395 910 641 992 acceptissimum
657 909 831 973 llobisesse
845 909 1034 990 protitemur.
1052 908 1152 987 Atqne
1172 905 1285 969 idcirco
1302 925 1374 970 nun

221 1008 356 1071 eundem
370 1008 515 1089 peculiari
527 1007 737 1070 benevolentia
750 1006 897 1087 excipies,
907 1013 1110 1087 preterquam
1125 1003 1208 1083 quod
1222 1003 1262 1065 de
1279 1021 1372 1067 oma-

224 1104 340 1166 tissimo
359 1102 425 1165 viro
444 1104 560 1185 cptime
578 1103 757 1179 mereberis,
782 1109 922 1166 nostrum
954 1101 1007 1164 tibi
1031 1100 1178 1179 maiorem
1198 1100 1229 1161 in
1248 1100 1374 1164 modum

224 1201 392 1282 obsuirrges
407 1201 543 1264 annntrm
555 1225 564 1278 ;
577 1207 682 1264 nmtra
697 1201 779 1264 enim
798 1218 890 1263 causa
904 1199 1021 1262 tactum
1033 1216 1118 1276 essa,
1134 1197 1215 1278 qood
1231 1197 1374 1278 inipsnm

225 1319 281 1381 pro
291 1308 344 1361 tna
355 1299 545 1362 humanitate
558 1298 676 1374 leceris,
686 1297 912 1361 arbitrabimur.
927 1297 1076 1359 Volumus
1091 1301 1193 1356 autem
1207 1300 1374 1357 utsucrum

220 1415 335 1461 munus
351 1416 370 1458 a
389 1396 535 1460 moderno
547 1397 650 1477 priore
665 1396 751 1459 istius
765 1394 909 1457 Ecclesia
930 1392 1136 1456 conventualis
1148 1394 1181 1453 S.
1200 1394 1248 1455 do.
1266 1391 1375 1453 Hiero-

223 1493 395 1575 solpmitnni
410 1499 532 1575 pmaota
544 1492 690 1554 redivina
702 1491 741 1554 de
754 1508 840 1553 ruore
850 1490 923 1567 tibi,
936 1489 1046 1552 dilecte
1055 1488 1114 1566 tili,
1126 1487 1274 1552 tradatur.
1289 1490 1375 1550 Inte-

224 1591 281 1654 rim
295 1591 537 1671 omnipotentem
549 1592 644 1653 Mum
652 1607 708 1672 pro
722 1594 827 1651 vestrm
836 1587 942 1667 glorie
957 1604 995 1649 ac
1007 1586 1125 1648 ¹virtutis
1141 1585 1374 1665 surplidcatione

226 1688 438 1761 obmcmutom
460 1687 656 1768 apostolicam
669 1685 908 1748 benedictionem
928 1684 959 1746 in
979 1683 1103 1746 uberius
1126 1683 1218 1747 etiam
1239 1689 1374 1763 paterne

222 1784 398 1866 crurumque
419 1784 632 1847 bemvolentia
651 1783 758 1864 pignus
776 1781 848 1858 tibi,
863 1781 971 1844 dilecta
984 1780 1026 1843 iili
1033 1823 1043 1859 ‚
1058 1799 1094 1843 ac
1107 1780 1246 1843 universo
1258 1780 1370 1860 mclgto

224 1880 325 1944 nmini
343 1887 537 1962 peramanter
556 1879 758 1961 impertimur.
780 1881 895 1942 Potum
917 1879 1033 1950 Roma,
1049 1880 1133 1958 opud
1153 1880 1297 1941 Samium
1311 1880 1375 1941 llo·

225 1983 304 2041 rtem
319 1981 475 2056 Moram,
486 1978 674 2041 aarum
685 1977 919 2048 Piscatorimie
932 1984 966 2036 16
982 1980 1060 2037 mati
1075 1986 1166 2052 tm,
1181 1979 1374 2054 pontificatu

225 2080 322 2137 autri
334 2094 417 2136 anuo
432 2079 545 2154 quinto.

705 2177 889 2188 ..nn—*-

714 2291 882 2361 cmxix.

473 2446 647 2492 CARISSOEAE
669 2449 703 2492 lu
726 2449 857 2493 cunlsro
880 2448 975 2491 l'lLlAE
997 2448 1121 2490 NOSTRA}

265 2549 402 2613 usuca
422 2551 624 2616 amussim
643 2531 861 2618 mmanrn
886 2553 1046 2617 asarum
1065 2544 1331 2629 messenen,

494 2678 620 2728 annuos
632 2678 789 2731 canaam
805 2681 931 2730 naama
945 2680 1103 2740 amasam,

406 2781 439 2831 nt
454 2783 652 2833 mummmr
668 2782 905 2834 mamma
919 2785 1051 2833 anama
1065 2785 1187 2844 amun,

528 2885 765 2965 CLEMENS
791 2889 920 2965 ΡΑΡΑ
948 2885 1054 2963 XIV.

1021 3036 1115 3092 Romae,
1128 3040 1154 3082 ut
1170 3033 1226 3092 maji
1240 3037 1307 3082 tm.

267 3139 445 3208 Carissimo,
457 3143 515 3199 etc.
531 3136 679 3217 Singulari
698 3136 879 3219 Apostolicae
888 3137 1035 3216 Majestati
1050 3140 1120 3199 Tua
1134 3136 1238 3218 pietati
1256 3156 1292 3198 ac
1305 3138 1372 3199 reli-

224 3233 305 3315 gioni
318 3240 387 3295 sunt
405 3231 528 3295 omnino
539 3240 748 3296 consentaneae
762 3250 842 3296 curm
857 3239 888 3296 et
901 3233 1109 3314 cogitationes,
1132 3253 1200 3314 qum
1213 3233 1372 3297 sollicitam

226 3341 255 3393 te
275 3331 404 3408 habent,
420 3336 509 3410 atque
521 3329 641 3392 anxiam
658 3331 696 3392 de
717 3330 1117 3412 spiritualibuspopulorum
1136 3339 1257 3393 tuorum
1271 3332 1373 3394 subsi-

226 3429 300 3505 diis,
318 3425 402 3489 etde
417 3426 623 3490 commodiore
633 3427 820 3509 expedienda
838 3427 898 3506 via,
917 3446 979 3508 qua
993 3426 1185 3490 iidemaanis
1201 3428 1371 3507 pastoribus

227 3531 365 3587 accurate
379 3523 442 3604 regi
461 3524 681 3606 gubernarique
694 3525 821 3607 possint.
836 3526 983 3588 Praeclara
1000 3525 1173 3607 hujusmodi
1184 3534 1243 3586 tum
1255 3526 1372 3586 eximim

227 3621 435 3684 sollicitudinis
446 3620 558 3684 indicia
570 3623 760 3702 agnoscimus
773 3642 810 3685 ex
825 3623 877 3701 iis,
887 3641 957 3704 qum
969 3621 1062 3684 Nobis
1073 3621 1188 3682 deterre
1204 3621 1321 3683 voluisti
1332 3621 1371 3683 de

227 3721 320 3782 nimia
333 3720 523 3800 episcopatus
537 3721 695 3800 Pragensis
712 3729 742 3783 ct
758 3722 947 3784 Olmucensis
970 3721 1180 3802 amplitudine,
1207 3739 1332 3801 qumque
1355 3740 1372 3781 a

226 3817 318 3877 Nobis
332 3817 458 3897 proinde
469 3817 626 3899 postulasti
640 3817 678 3879 de
691 3819 777 3880 novis
787 3821 1017 3903 episcopatuum
1032 3818 1153 3880 sedibus
1164 3818 1324 3900 erigendis,
1340 3827 1373 3879 ut

231 3913 397 3974 imminutis
416 3915 520 3995 spatiis
533 3922 565 3978 et
585 3915 679 3978 vinca
697 3917 815 3979 Domini
830 3917 997 3980 cultoribus
1014 3916 1109 3980 atreus
1128 3917 1266 3995 ejusdem
1283 3934 1367 3977 eano-

195 4046 198 4050 ι
227 4010 320 4073 lenda
338 4010 452 4073 facilior
465 4013 542 4076 ratio
560 4015 615 4094 sit,
631 4021 722 4095 atque
733 4014 1003 4092 accommodatior,
1018 4033 1114 4095 neque
1136 4014 1265 4094 amplius
1288 4031 1306 4073 a
1326 4012 1370 4073 sui

227 4107 356 4189 pastoris
371 4117 534 4190 conspectu
545 4112 586 4175 ob
600 4112 850 4195 longinquitatem
862 4115 961 4196 ipsam
975 4114 1122 4184 locorum,
1136 4118 1169 4174 nt
1180 4127 1260 4173 nunc
1268 4119 1372 4170 neom·

225 4206 305 4268 saric
325 4206 479 4286 usulenit,
494 4209 709 4291 quamplurimi
731 4219 864 4276 careant.
887 4214 948 4274 llos
965 4211 1088 4292 quidem
1104 4210 1166 4271 nec
1186 4211 1304 4286 egregia
1319 4214 1371 4269 tua

226 4302 326 4365 studia
337 4322 531 4385 summopere
543 4309 804 4388 commendemus,
827 4310 1029 4373 carissimam
1044 4308 1163 4370 Christo
1179 4305 1243 4367 filie
1255 4312 1369 4382 matra,

226 4410 257 4463 ct
269 4403 487 4483 postulationes
499 4402 554 4465 bas
568 4412 636 4468 tuas
647 4406 876 4486 d'digentissime
887 4421 1071 4488 expensnros
1079 4401 1270 4484 profitemur,
1281 4410 1370 4484 atquc

225 4500 256 4562 in
269 4500 463 4595 deliberando
482 4520 540 4583 pro
561 4504 604 4565 rei
621 4503 769 4582 gravitate
787 4521 907 4566 omnem
930 4500 1135 4578 sedulitatem,
1149 4506 1240 4585 atquc
1263 4501 1370 4564 indus·

1217 4612 1261 4661 20.
