3194 5354
479 497 660 552 EPlSTOLAE
678 497 722 551 ET
741 496 876 551 BREVlb
894 496 1124 552 subscribas.
1322 505 1373 556 237

268 603 519 681 Quamobrem,
542 610 572 663 et
594 601 856 687 pastoralisofiicii
870 601 962 663 nostri
983 602 1101 678 debito,
1116 610 1146 662 et
1166 604 1300 679 eiusdem
1315 608 1376 667 Lu-

224 701 325 764 dovici
337 699 426 779 Regis
435 698 595 781 precibus,
610 705 640 759 et
652 698 736 759 vobis
750 696 919 759 satisfacere
936 698 1102 778 cupientes,
1116 699 1278 779 Collegium
1294 719 1376 781 prae-

228 800 345 864 dictum
368 798 499 861 civitatis
523 797 716 873 parisiensis,
740 803 770 857 et
795 795 913 857 Ordinis
934 798 1072 859 Ptatrum
1089 798 1330 861 Praedicatorum
1356 818 1375 860 a

228 898 362 978 cujusvis
384 896 578 959 Provinciulis
597 895 742 975 gubernio
768 900 942 974 exemptum
969 893 1172 971 declarantes,
1193 895 1372 959 omnimoda

229 996 426 1076 subjectioni,
438 1002 469 1057 ct
479 993 679 1075 jurisdictioni
693 1011 774 1054 nunc
784 1038 792 1069 ,
804 999 835 1055 et
847 1010 903 1073 pro
919 999 1056 1073 tempore
1068 993 1222 1054 existentis
1239 993 1373 1072 Magistri

228 1093 380 1155 Generalis
399 1091 537 1172 ejusdem
551 1090 670 1153 Ordinis
686 1090 864 1152 auctoritate
878 1089 1042 1170 apostolica
1062 1096 1164 1151 tenore
1183 1090 1373 1170 presentium

227 1192 373 1267 perpetuo
384 1188 596 1268 supponimus,
610 1191 701 1266 atque
718 1186 907 1264 subjicimus3
922 1186 964 1247 ita
978 1192 1012 1247 ut
1025 1186 1105 1248 idem
1116 1185 1269 1249 Generalis
1282 1185 1373 1268 Ordi-

227 1282 274 1345 nis
290 1284 433 1364 Magister
447 1303 483 1347 ea
502 1285 692 1365 rationeque
711 1284 836 1346 domum
856 1303 912 1366 pro
930 1285 1109 1366 recipiendis
1123 1285 1242 1347 novitiis
1255 1285 1321 1366 ipsa
1341 1285 1373 1346 in

229 1381 385 1444 Parisiensi
402 1383 476 1444 urbe
486 1381 672 1460 designatam
685 1381 742 1441 sub
753 1398 807 1441 sua
816 1380 908 1441 babet
922 1380 1112 1457 immediata,
1124 1399 1159 1441 ac
1170 1380 1259 1461 plena
1269 1387 1374 1464 potes-

227 1486 289 1542 tate
308 1487 338 1541 et
349 1480 568 1561 jurisdictione,
585 1478 822 1559 equissimisque
839 1495 907 1538 eam
921 1477 1094 1539 moderatur
1105 1477 1235 1557 legibus,
1247 1496 1314 1558 que
1334 1479 1373 1541 ad

228 1575 306 1639 illius
335 1586 569 1655 ornamentum,
592 1597 628 1640 ac
652 1577 841 1659 splendorem
866 1577 976 1639 mirum
995 1577 1026 1638 in
1040 1575 1165 1639 modum
1181 1577 1371 1652 conducunt,

227 1674 335 1737 eadem
346 1695 467 1757 quoque
478 1676 642 1754 Collegium
655 1674 835 1754 praedictum
845 1673 938 1735 libere
955 1692 990 1734 ac
1001 1671 1174 1734 immediate
1182 1674 1370 1753 gubernare,

228 1791 264 1835 ao
276 1773 412 1853 singula,
424 1795 490 1856 qua
503 1776 541 1836 ad
553 1774 701 1854 optimum
717 1773 794 1833 illius
814 1773 945 1851 regimen
954 1771 1120 1833 necessaria
1132 1771 1281 1850 putaverit
1294 1817 1303 1850 ,
1315 1792 1372 1854 pro

228 1890 283 1933 sua
296 1873 473 1954 prudentia,
488 1892 523 1934 ao
532 1872 678 1950 religiosae
693 1870 882 1951 perfectionis
895 1869 994 1930 studio
1004 1869 1160 1949 disponere
1172 1869 1270 1933 valeat
1281 1876 1371 1951 atque

224 1970 378 2053 perficere.

267 2071 416 2145 Quoniam
435 2088 506 2131 vero
526 2069 563 2130 ad
578 2068 657 2129 idem
668 2067 830 2147 Collegium
850 2067 880 2128 iu
896 2067 1053 2148 pristinum
1068 2067 1201 2146 honoris,
1222 2086 1258 2129 ac
1272 2068 1371 2148 digni-

216 2169 295 2247 tatis
308 2167 434 2247 gradum
448 2165 666 2228 restituendum
678 2165 877 2226 necessarium
891 2183 1022 2246 quoque,
1037 2167 1150 2228 nedum
1165 2174 1370 2250 opportunum

224 2265 354 2343 videtur,
370 2274 402 2327 ut
416 2265 493 2327 serio
510 2264 734 2343 investigentur,
757 2281 792 2324 ac
805 2263 983 2343 detegantur
996 2264 1134 2345 collapsa
1147 2265 1291 2344 regularis
1307 2265 1372 2328 dis-

224 2364 341 2444 ciplina
359 2382 467 2440 causae,
489 2370 519 2425 et
536 2362 579 2425 rei
599 2362 769 2440 domestica
791 2379 852 2422 non
877 2360 933 2422 rite
951 2380 983 2420 se
1004 2361 1141 2423 habentis
1154 2361 1287 2424 rationes
1305 2370 1370 2424 tum

225 2461 316 2523 etiam
335 2461 557 2543 diligentissime
569 2460 803 2542 perpendantur,
820 2478 886 2540 qua
907 2459 1096 2541 potissimum
1110 2459 1190 2539 leges
1206 2467 1281 2541 aptae
1301 2480 1370 2523 ma-

223 2559 268 2640 gis
279 2579 341 2623 esse
352 2562 484 2643 possint,
498 2561 534 2622 iis
546 2558 725 2640 gravissimis
741 2557 938 2620 incommodis
949 2557 1058 2643 longe,
1078 2575 1115 2619 ac
1132 2555 1279 2638 perpetuo
1295 2577 1371 2640 pro-

225 2661 396 2741 pulsandis,
418 2679 484 2741 que
502 2659 599 2720 eidem
614 2656 738 2736 collegio
758 2662 842 2718 tanto
860 2662 929 2716 sunt
947 2655 1143 2732 detrimento,
1159 2674 1194 2718 ac
1212 2656 1323 2736 ruins,
1339 2667 1371 2721 ut
1491 2685 1493 2690 ·

224 2778 290 2840 qun
301 2767 366 2822 tum
382 2759 518 2838 ejusdem
539 2755 778 2817 Christianissimi
789 2754 878 2833 Regis
889 2754 1030 2815 Ludovici
1050 2754 1192 2816 eximiam
1207 2755 1370 2836 pietatem,

226 2875 261 2918 ac
282 2857 471 2937 religionem,
483 2875 553 2917 cum
571 2862 708 2916 nostrum
723 2855 890 2915 excitarunt
902 2854 1036 2915 animum
1051 2853 1090 2915 ad
1103 2870 1215 2916 novum
1226 2853 1285 2914 hoc
1301 2872 1371 2916 con·

226 2954 282 3016 silii
302 2972 396 3033 genus
412 2954 449 3014 de
469 2973 506 3013 eo
526 2951 649 3029 collegio
671 2949 903 3030 suscipiendum.
923 2950 1017 3010 Vobis
1036 2949 1164 3025 idcirco,
1179 2951 1372 3012 venerabiles

223 3050 361 3124 Fratres,
378 3055 411 3108 ut
430 3054 574 3126 tanquam
598 3045 711 3119 nostri,
728 3051 760 3104 et
775 3044 952 3123 apostolica
964 3045 1055 3122 huius
1072 3045 1156 3106 Sedis
1175 3045 1302 3124 delegati
1320 3065 1371 3107 sa-

223 3165 308 3207 cram
324 3144 484 3206 instituatis
504 3142 638 3221 ejusdem
658 3141 767 3221 Collegi
791 3141 1007 3218 visitationem,
1029 3142 1191 3223 seduloque
1212 3141 1370 3222 inquiratis

222 3252 288 3304 tum
298 3244 328 3304 in
340 3244 506 3322 regularem
516 3239 703 3318 disciplinam
713 3257 783 3299 cum
796 3239 824 3298 in
834 3238 876 3299 rei
886 3237 1057 3302 domestica
1069 3240 1368 3319 administrationem,

204 3335 205 3338 ’
222 3341 395 3403 facultatem
408 3340 446 3401 ad
462 3357 573 3400 annum
582 3337 757 3397 duraturam
770 3337 947 3400 auctoritate
960 3337 1233 3419 apostolicatenore
1242 3356 1368 3420 presen-

224 3437 300 3500 tium
312 3439 451 3514 facimus,
464 3457 498 3498 ac
510 3435 680 3519 plenissime
692 3435 890 3516 indulgemus.

261 3539 299 3596 Et
312 3537 382 3618 quia
394 3555 449 3617 pro
461 3544 543 3597 certo
555 3535 666 3615 pariter
675 3532 837 3610 habemus,
851 3553 921 3595 eum
936 3534 1092 3612 adfinem,
1106 3553 1196 3616 quem
1211 3534 1367 3597 vehemen-

223 3639 268 3694 ter
283 3634 438 3715 cupimus,
455 3633 587 3694 celeriori
604 3632 840 3713 promptiorique
857 3633 973 3695 ratione
988 3633 1185 3695 obtinendum
1202 3633 1366 3713 plurimum

223 3729 253 3791 in
267 3731 370 3811 primis
381 3731 531 3807 confeme,
548 3730 571 3790 si
584 3729 603 3790 ii
616 3729 762 3809 eligantur
775 3730 894 3808 Collegii
906 3729 1067 3806 officiues,
1080 3731 1130 3810 qui
1145 3731 1292 3811 preclaris
1305 3749 1365 3793 non

224 3828 316 3891 modo
339 3829 450 3908 fulgent
470 3828 645 3905 virtutibus,
667 3846 781 3908 suoque
800 3829 937 3909 exemplo
961 3828 1076 3889 caeteris
1094 3828 1123 3888 in
1142 3829 1285 3908 regularis
1303 3827 1367 3891 dis-

225 3927 339 4008 ciplinae
353 3931 460 3991 semita
474 3932 577 4010 praeire
591 3930 722 4005 valeaut;
739 3928 946 3989 verumetiam
958 3928 1010 4008 qui
1025 3928 1145 4008 Collegii
1159 3928 1303 3989 reditibus
1316 3928 1366 3990 ni-

223 4025 284 4089 mio
298 4046 424 4089 munero
443 4047 547 4105 graves
567 4046 627 4089 non
648 4027 721 4102 sint,
744 4045 780 4087 ac
799 4025 879 4088 noxii
888 4049 897 4104 3
919 4026 1092 4089 facultatem
1106 4034 1265 4108 propterea
1282 4026 1366 4087 vobis

223 4141 279 4202 pro
299 4124 356 4184 hac
370 4123 468 4202 prima
488 4125 551 4186 rice
572 4132 707 4201 tantum,
722 4124 837 4205 collegii
852 4125 1029 4204 Praesidem,
1048 4127 1166 4188 Artium
1188 4124 1364 4203 Magistros,

222 4221 387 4298 Regentes,
400 4221 615 4284 Conventuales
622 4268 631 4299 ,
646 4229 676 4283 et
686 4221 833 4284 Officiales
846 4241 1037 4304 quocumque
1050 4223 1171 4285 nomine
1186 4235 1365 4298 nuncupen-

224 4325 285 4393 tur,
305 4318 446 4396 eligendi,
466 4327 496 4379 et
512 4321 702 4399 nominandi,
724 4322 912 4403 eundemque
934 4339 1094 4383 numerum
1118 4317 1238 4398 Collegii
1261 4317 1365 4380 rediti-

224 4415 283 4475 bus
296 4415 522 4493 respondentem
535 4418 697 4495 statuendi,
711 4419 777 4500 pari
789 4419 978 4493 auctoritate,
994 4424 1024 4476 et
1034 4423 1139 4476 tenore
1152 4415 1362 4493 concedimus,

223 4519 254 4574 et
268 4513 464 4592 indulgemus.
478 4514 532 4587 Qui
545 4524 645 4577 autem
662 4516 701 4577 ad
721 4517 861 4596 praedicta
875 4515 975 4577 officia
992 4513 1079 4574 electi
1101 4530 1118 4574 a
1140 4512 1225 4576 vobis
1237 4512 1363 4591 fuerint,
