3194 5354
220 499 236 547 4
643 489 849 545 cluniensis
868 491 934 544 XIV

220 614 289 657 nem
307 594 377 656 tibi.
390 594 543 655 carissime
561 594 590 654 in
605 594 722 656 Clrristo
740 594 782 655 frli
802 600 915 670 noster,
941 594 1144 657 amantissime
1157 595 1357 677 impertimur.

223 696 332 754 Datum
360 694 475 764 Rome,
499 699 576 763 ete,
598 693 648 752 dio
670 703 703 752 21
721 694 807 769 junii
832 703 925 768 1769,
948 697 1141 772 pontificatus
1162 699 1257 755 nostrl
1279 713 1361 754 orno

210 797 325 870 >primo

755 1018 810 1087 IV.

465 1189 639 1232 ctulssuut
662 1190 697 1231 nt
719 1187 855 1231 cunlsro
870 1151 969 1229 ΙΙΡΙΙΜ
991 1188 1116 1230 NOSTRAE

262 1311 395 1369 llAlllAE
415 1312 625 1385 Tritannum,
647 1311 863 1375 HUNGARIAE
882 1311 1039 1373 REGINAE
1059 1311 1318 1380 momontum,

476 1445 536 1493 NEC
553 1446 617 1494 NON
633 1446 787 1496 BOHEMIAE
802 1446 927 1496 REGINAE
943 1444 1099 1503 lbLUSTlll,

398 1559 429 1606 m
446 1560 644 1608 ROMANORUM
661 1561 896 1610 lupanarmcnn
914 1560 1042 1608 ELEOEAE
1058 1559 1182 1615 VlDUAE,

526 1684 758 1764 CLEMENS
785 1687 913 1763 ΡΑΡΑ
942 1684 1048 1762 XIV.

979 1860 1071 1917 nome,
1087 1861 1113 1906 or
1130 1856 1189 1918 junii
1202 1859 1267 1905 troo.

261 1963 423 2023 Carissimo
445 1969 477 2023 io
503 1966 622 2026 Carmo
636 1969 710 2044 filio
728 1971 831 2028 nostro
854 1967 1032 2026 salutemet
1053 1963 1247 2042 apostolicum
1269 1961 1362 2022 beno-

220 2059 390 2120 dictionem.
405 2059 537 2121 Dilectus
551 2061 630 2122 iilius
652 2061 760 2123 nobilis
772 2061 817 2122 vir
837 2060 1039 2136 Camerarius,
1062 2065 1094 2119 et
1111 2056 1296 2119 consiliarius
1314 2076 1364 2118 ac-

220 2155 308 2216 mulis
327 2155 447 2217 intimus
464 2157 628 2235 blajestutis
641 2164 700 2219 tuae
711 2160 852 2219 Ernestus
866 2175 967 2218 comes
981 2155 1138 2218 aKaunitz
1149 2154 1294 2233 Rittberg,
1308 2154 1364 2214 im-

220 2239 318 2334 posito
337 2262 397 2316 ate
409 2255 464 2316 sibi
479 2257 635 2336 legationis
654 2257 735 2338 apud
751 2258 829 2334 Nos,
851 2273 974 2319 munere
986 2255 1103 2336 egregie
1117 2260 1162 2316 est
1175 2253 1361 2336 perfunctus.

220 2351 374 2431 Siquidem
392 2353 582 2433 amplissimis
599 2354 698 2416 verbis
713 2355 805 2417 Nobis
819 2354 857 2416 ad
867 2353 1052 2434 pontificiam
1066 2352 1168 2414 sedem
1182 2351 1282 2413 divina
1299 2352 1365 2412 cle-

219 2449 332 2509 mentia
346 2467 449 2511 recens
463 2450 573 2511 evectis
584 2458 643 2512 tuve
657 2450 864 2530 gratulationis
880 2448 981 2511 officia
996 2449 1118 2526 detulit,
1131 2456 1161 2510 et
1177 2467 1268 2529 quam
1288 2467 1364 2528 prae

220 2544 301 2606 clara
313 2545 371 2607 sint
380 2553 433 2607 tuu
445 2565 515 2626 erga
526 2549 587 2609 Nos
600 2555 690 2629 atque
704 2548 782 2610 hanc
794 2547 991 2630 apostolicam
1004 2547 1105 2610 sedem
1115 2546 1214 2608 studia
1224 2546 1363 2608 declara-

221 2645 272 2703 vit.
286 2646 347 2706 Nos
364 2643 486 2725 quidem
498 2653 654 2726 perspecta
665 2645 781 2725 jamdiu
795 2647 960 2725 Majestatis
973 2653 1032 2707 tuae
1046 2645 1157 2727 pietate
1171 2663 1207 2706 ac
1222 2644 1364 2724 religione

220 2740 299 2816 freti,
313 2759 393 2802 nunc
403 2760 473 2803 vero
488 2742 534 2804 bis
546 2743 662 2805 eximiis
675 2751 734 2806 tnae
745 2745 905 2807 voluntatis
918 2743 1181 2824 significationibus
1193 2742 1361 2804 confirmati

222 2836 251 2897 iu
264 2836 507 2916 gravissimorum
520 2859 619 2903 rerum
629 2843 840 2924 procuratione
851 2842 1023 2905 sustinenda
1033 2841 1166 2903 maxima
1174 2840 1266 2901 Nubis
1276 2839 1306 2900 in
1319 2846 1361 2916 te,

221 2943 332 3017 tuaque
359 2945 485 3016 ungusta
510 2938 601 3001 domo
623 2941 797 3020 adjumenta
819 2961 854 3004 uc
871 2941 1008 3023 presidia
1031 2939 1192 3002 constituta
1212 2948 1278 2999 osse
1301 2954 1366 2998 non

220 3034 404 3096 dubitamus.
424 3038 467 3098 Ex
487 3039 594 3101 eodem
612 3046 667 3102 tuo
684 3040 855 3103 christianis
871 3039 1031 3102 virtutibus
1042 3035 1233 3099 ornatissimo
1247 3033 1363 3109 animo,

221 3129 301 3190 unde
314 3138 416 3191 nostra
431 3131 493 3193 baec
510 3133 548 3195 de
564 3142 594 3196 te
611 3137 754 3216 praeclare
768 3134 907 3216 sperandi
927 3138 1104 3214 argumenta
1123 3128 1363 3210 suppeditantur,
1438 3127 1441 3131 ’

222 3241 348 3284 summae
362 3225 453 3284 etiam
472 3246 507 3287 ac
525 3229 684 3307 singularis
709 3237 840 3310 paternae
855 3235 964 3290 nostrae
985 3231 1016 3291 in
1034 3238 1064 3291 te
1077 3227 1210 3290 caritatis
1233 3225 1364 3287 rationes

222 3326 375 3379 emanant.
396 3321 465 3380 llaec
486 3323 671 3402 amplissima
684 3330 787 3384 nostru
801 3324 838 3385 de
855 3332 884 3386 te
894 3325 1008 3404 indicia
1020 3332 1109 3406 utque
1129 3324 1251 3386 intimos
1270 3323 1363 3385 animi

223 3432 325 3474 sensus
335 3414 475 3475 eumdem
487 3426 638 3479 oratorem
651 3425 737 3479 tuum
748 3418 862 3499 prolixe
871 3421 1089 3503 explicaturum
1100 3421 1154 3483 tibi
1166 3420 1345 3482 confidimus
1357 3469 1365 3495 ,

222 3511 308 3589 cujus
326 3517 357 3571 et
378 3512 567 3591 splendorem
587 3523 617 3576 et
639 3515 829 3596 prudentiam
850 3517 880 3578 in
896 3518 1035 3581 obeundo
1056 3535 1180 3580 munere
1195 3525 1225 3580 et
1237 3519 1363 3579 multam

222 3608 313 3669 etium
324 3608 358 3669 in
371 3610 431 3671 Nos
440 3610 583 3691 pietatem
594 3632 774 3694 magnopere
786 3616 1000 3679 collaudamus.
1013 3617 1134 3678 luterim
1144 3616 1175 3677 in
1184 3616 1365 3679 luculentius

222 3704 434 3767 devinctissimi
451 3709 545 3770 nostri
560 3719 670 3789 ergate
685 3710 793 3787 studii,
814 3730 848 3772 ac
859 3712 1020 3793 pontificiae
1029 3713 1242 3776 benevolentia
1257 3714 1364 3794 pignus

222 3819 344 3862 omnem
352 3802 404 3863 tibi
413 3823 431 3864 a
441 3807 623 3886 Deooptimo
631 3807 762 3869 maximo
772 3826 874 3869 veram
883 3809 1069 3889 solidamque
1076 3807 1247 3872 felicitatem
1259 3811 1366 3891 imple

223 3906 323 3960 rantes
335 3903 529 3980 apostolicam
538 3904 776 3968 benedictionem
787 3907 934 3984 Majestati
948 3914 1024 3986 ture,
1041 3906 1195 3970 carissima
1206 3908 1237 3970 in
1248 3909 1366 3970 Christo

223 3997 284 4058 filia
298 4005 410 4078 nostru,
428 4003 629 4067 amantissime
645 4004 842 4085 impertimur.
861 4007 977 4069 Datum
992 4008 1093 4069 Romoe
1126 4014 1195 4082 oto„
1206 4008 1256 4069 dte
1269 4016 1301 4067 m
1318 4008 1367 4079 ju-

222 4100 268 4157 m'i
287 4109 371 4172 1769,
384 4104 580 4180 pontificatus
593 4108 689 4166 eostrr'
701 4121 780 4164 anno
789 4106 902 4180 primo.
914 4163 916 4167 ,
