3194 5354
476 483 659 539 EPISTOLAE
675 483 720 537 ET
740 484 872 537 Bndt‘tx
891 483 1128 539 surrectioni.
1322 492 1374 542 299

224 606 263 648 rae
287 586 405 667 pictatis
424 586 639 649 testimoniam.
663 589 780 662 Quanto
799 586 881 650 enirn
901 588 999 667 major
1017 595 1065 649 est
1079 588 1170 651 animi
1180 590 1274 653 nostri
1292 591 1332 653 ad
1345 599 1375 653 te

223 684 428 765 diligendum,
447 683 647 766 omnibusque
658 692 791 766 paternae
802 685 937 747 caritatis
950 684 1057 747 oilleiis
1070 688 1312 767 prosequendum
1325 690 1376 752 in-

223 781 344 855 ductio,
359 787 442 841 tanto
458 780 554 861 magis
574 800 629 862 per
643 789 695 843 tua
712 781 741 842 in
761 782 821 843 Nus
835 782 942 843 merita
955 781 1128 843 confirmari
1146 783 1272 847 eandem
1285 793 1376 866 atque

224 878 325 959 augeri
339 877 514 958 gaudemus.
532 879 679 941 Plurimus
694 886 783 961 atque
795 880 861 956 tibi,
874 877 1068 941 dilectissime
1078 879 1108 940 in
1120 879 1237 942 Christo
1249 881 1290 943 fili
1302 902 1376 946 nos-

226 981 281 1052 ter,
301 974 413 1035 idcirco
432 975 544 1036 habere
559 976 671 1056 gratias
688 977 881 1057 profitemur,
903 995 1000 1057 eaque
1020 976 1173 1038 volumina
1194 979 1376 1057 spondemus

225 1072 307 1153 apud
319 1092 374 1135 nos
393 1071 458 1136 lore
480 1081 635 1153 tamquam
655 1074 798 1154 perennia
816 1094 876 1137 non
901 1075 998 1153 magis
1012 1075 1199 1137 Electoratus
1215 1076 1269 1153 tui,
1283 1096 1377 1158 quam

225 1169 508 1237 munificentissimae
530 1177 588 1232 tuae
602 1170 633 1231 in
653 1172 714 1232 Nus
729 1172 889 1234 voluntatis
904 1177 1111 1233 monumenta.
1131 1174 1202 1246 Qua
1222 1180 1274 1235 tua
1289 1192 1377 1254 pers-

225 1269 397 1349 pectissima
410 1269 503 1331 Nobis
515 1270 653 1332 voluntas
665 1268 737 1330 iacit
750 1277 783 1331 ut
795 1269 849 1331 tibi
872 1270 1019 1348 majorem
1034 1269 1064 1329 in
1082 1268 1209 1330 moduni
1224 1289 1377 1334 commen-

224 1368 332 1433 demus
352 1367 497 1429 dilectum
512 1368 607 1429 filium
623 1367 785 1430 llcnricum
801 1369 901 1427 Braun
919 1367 1005 1445 cujus
1018 1366 1056 1427 ad
1075 1366 1136 1426 Nos
1149 1365 1283 1430 delatum
1302 1387 1377 1449 sup—

225 1465 336 1546 plicum
354 1484 477 1546 precum
493 1465 627 1526 libellum
648 1463 729 1525 bisce
743 1463 853 1524 nostris
865 1463 1088 1543 conjungimus.
1106 1465 1147 1522 Ex
1163 1482 1200 1525 eo
1214 1482 1377 1544 cognosces

224 1580 316 1643 quam
336 1562 414 1623 bene
433 1562 471 1622 de
494 1561 585 1624 Nobis
599 1561 724 1622 meritus
744 1560 793 1620 ille
810 1559 864 1635 sit,
885 1578 1037 1640 quamque
1060 1559 1128 1637 jure
1147 1559 1321 1639 cupiamus,
1344 1569 1377 1622 ut

225 1664 328 1719 nostra
341 1657 379 1719 de
393 1663 460 1738 ipso
478 1657 577 1719 studia
596 1656 669 1718 uelis
688 1665 742 1717 tua
755 1655 786 1717 in
807 1655 891 1719 illurn
907 1656 1053 1736 gratiane
1065 1655 1262 1718 beneficentia
1275 1672 1378 1736 prose-

222 1754 286 1834 qui.
297 1753 383 1828 Quod
395 1755 485 1834 igitur
494 1755 535 1816 illi
547 1761 601 1816 tua
611 1753 797 1834 benignitate
807 1754 988 1835 prestiteris,
1002 1755 1033 1815 id
1044 1755 1226 1817 Noslactum
1238 1774 1257 1818 a
1268 1762 1298 1817 te
1309 1775 1376 1819 esse

224 1862 326 1917 nosue
341 1873 432 1917 causa
445 1854 695 1916 existimabimus.
716 1854 761 1914 Ac
779 1851 990 1931 in·singularis
1008 1860 1119 1916 nostrae
1137 1853 1271 1916 caritatis
1283 1872 1377 1933 argu-

224 1957 360 2011 mentum
375 1950 569 2030 apostolicam
583 1948 824 2010 benedictionem
849 1948 921 2024 tibi,
937 1948 1128 2012 dilectissime
1148 1950 1179 2012 in
1201 1949 1317 2011 Christo
1333 1949 1376 2011 titi

223 2053 339 2122 noster,
355 2053 470 2125 tuaque
488 2046 630 2107 universe
647 2046 805 2113 Electorali
824 2045 933 2108 Dorum
949 2046 1155 2110 amantissime
1175 2046 1373 2126 impertimur.

224 2143 336 2204 Datum
348 2144 457 2218 Roma,
465 2144 546 2221 apud
556 2143 699 2204 Sanctam
712 2144 841 2203 Mariam
850 2144 1006 2220 majorem,
1017 2144 1070 2205 sub
1079 2144 1200 2205 Anaato
1212 2144 1376 2205 Piscatores

222 2243 274 2301 die
290 2253 326 2302 2³
343 2247 449 2303 martii
468 2253 555 2314 tm,
566 2244 757 2321 pontificatus
772 2245 869 2302 austri
883 2259 963 2301 anno
977 2246 1094 2320 quinto.

713 2364 889 2375 ι--ι--ι--ι-

729 2467 863 2537 CCLXl.

455 2624 679 2667 attacttssttto
701 2624 735 2666 la
759 2624 894 2666 ctulsno
915 2624 1001 2666 stato
1024 2624 1144 2667 NOSTRO

560 2731 826 2793 MAXIMILIANO
847 2732 1033 2806 JOSEPRO,

375 2855 537 2904 nxvxnrn
560 2857 663 2914 nuci,
687 2856 712 2905 s.
736 2858 765 2905 n.
788 2858 809 2905 r.
834 2856 1002 2905 rnrxcrnr
1025 2858 1220 2916 annorum,

530 2959 764 3036 CLEMENS
792 2961 922 3038 PAPA
950 2960 1056 3036 XIV.

986 3109 1085 3169 nome,
1099 3111 1129 3157 aa
1145 3106 1225 3157 maur
1242 3111 1308 3158 aaa

266 3217 478 3291 Ditecta'satme,
494 3222 552 3276 etc.
578 3217 648 3290 Qua
668 3231 786 3294 semper
807 3212 899 3274 Nobis
918 3212 1040 3294 cognita
1059 3232 1095 3275 ac
1118 3219 1275 3295 perspecta
1298 3213 1371 3292 tuit,

222 3332 302 3375 nunc
316 3313 441 3393 mirifice
452 3311 668 3394 comprobatur
679 3310 775 3392 pietas
786 3311 815 3372 in
827 3313 924 3372 Deum
935 3319 1000 3388 tua,
1009 3311 1201 3374 dilectissime
1212 3312 1242 3375 in
1255 3312 1373 3376 Christo

224 3412 264 3472 dli
279 3419 392 3489 noster,
407 3411 481 3473 dum
496 3410 608 3490 gratias
625 3409 688 3488 agis
701 3408 794 3469 Nobis
809 3410 848 3470 ob
862 3416 948 3471 tuam
963 3410 1156 3473 electoralem
1168 3412 1200 3472 S.
1219 3410 1371 3474 Michaelis

223 3510 400 3588 Archangeli
413 3508 572 3571 ecclesiam
586 3527 623 3569 eo
639 3505 893 3586 indulgentiarum
902 3509 1042 3571 thesauro
1057 3509 1236 3590 participem
1246 3508 1370 3584 iactam,

222 3625 284 3686 quo
304 3609 367 3669 bac
383 3614 486 3669 nostra
508 3604 720 3668 Patriarchalis
736 3605 945 3668 lateranensis
959 3605 1087 3667 Basilica
1100 3612 1274 3668 exornatur.
1292 3604 1370 3666 Nihil

223 3705 303 3784 regia
317 3713 369 3766 tua
382 3705 412 3766 in
426 3706 579 3785 subjectos
591 3704 644 3765 tibi
664 3705 792 3784 populos
808 3703 935 3766 caritate
946 3703 1080 3784 dignius,
1092 3722 1185 3785 quam
1198 3721 1235 3765 ea
1249 3701 1321 3784 ipsis
1333 3721 1371 3766 ex

224 3799 364 3880 religione
384 3820 562 3883 comparare
578 3799 731 3882 praesidia,
745 3799 855 3880 quibus
867 3800 1000 3880 plurima
1018 3800 1188 3862 animarum
1201 3800 1314 3864 utilitas
1335 3821 1373 3865 ac

222 3897 387 3977 expeditior
400 3906 517 3961 aeterna
528 3896 745 3978 consequenda
770 3895 876 3960 salutis
889 3897 966 3959 ratio
982 3897 1165 3974 continetur,
1186 3904 1370 3980 quapropter

221 3994 407 4072 gratulamur
422 3998 484 4058 llos
497 3995 551 4059 tibi
565 4005 692 4077 tuasque
703 3993 878 4073 huiusmodi
892 3994 1027 4074 egregias
1037 3994 1232 4074 cogitmiones
1243 4001 1273 4058 et
1282 4013 1370 4057 curas

223 4091 350 4152 summis
359 4091 528 4154 extollimus
537 4092 687 4167 laudibus,
695 4095 851 4171 Deumque
857 4091 1013 4172 Optimum
1021 4092 1187 4155 Maximum
1198 4109 1369 4171 precamur,

222 4196 255 4249 ut
269 4190 338 4251 inde
351 4189 578 4254 cumulatissimi
592 4191 623 4254 in
640 4199 670 4252 te
684 4191 784 4272 ipsum
804 4189 966 4271 praecipue,
984 4198 1129 4271 tuamque
1145 4206 1267 4252 omnem
1280 4187 1369 4250 Elec-

223 4286 349 4347 toralem
359 4288 487 4348 Domum
500 4286 625 4349 coelestis
637 4287 739 4368 gratie
750 4286 866 4348 tructus
878 4288 1054 4349 exuberent.
1070 4286 1154 4348 Votis
1166 4285 1248 4347 hisce
1259 4286 1371 4349 nostris

196 4409 199 4416 ·
221 4381 390 4444 divinorum
402 4381 619 4446 beneficiorum
640 4384 792 4464 auspicem
807 4383 999 4462 adjungimus
1013 4382 1209 4462 apostolicam
1224 4382 1369 4448 benedic-

224 4481 352 4555 tionem,
370 4498 463 4559 quam
478 4479 549 4558 tibi,
572 4480 762 4544 dilectissime
776 4481 805 4542 in
820 4481 936 4542 Christo
956 4480 997 4541 lili
1016 4486 1127 4559 noster,
1149 4480 1255 4545 intimo
1268 4482 1370 4553 cordis
