3194 5354
324 502 374 551 304
752 493 956 550 CLEMENTlS
974 492 1039 547 xlv

323 603 469 682 agebatur
483 619 500 662 a
512 608 541 661 te
553 601 661 661 eximie
674 600 861 662 declaratum
872 599 953 681 quod
964 596 1090 680 proinde
1104 602 1191 676 grata
1202 611 1323 676 semper
1336 595 1379 657 tui
1389 612 1471 658 coma

320 698 538 760 memoratione
549 705 579 759 et
590 697 852 759 commendatione
864 695 1088 778 prosequimur,
1103 692 1230 770 inducit,
1241 692 1351 754 dilecte
1365 692 1408 754 lili
1419 713 1472 755 nn

320 794 388 857 bilis
399 794 456 871 vir,
469 801 503 855 ut
513 794 569 855 bas
583 793 621 855 ad
633 801 663 855 te
676 812 757 856 nunc
769 794 875 857 demus
884 793 1010 868 litteras,
1023 791 1132 872 quibus
1142 797 1196 851 tua
1204 788 1353 868 ejusmodi
1364 789 1472 851 merita

319 908 380 951 non
394 891 491 952 solnm
505 910 524 952 a
537 891 629 953 Nobis
649 892 786 972 agnosci,
802 892 853 953 sed
867 899 898 954 et
917 890 1063 973 plurimas
1085 886 1199 950 idcirco
1215 887 1321 949 baberi
1340 886 1397 948 tibi
1416 907 1472 968 per

318 989 381 1048 Nos
392 1006 428 1049 ac
439 987 541 1049 relerri
555 986 666 1067 gratias
677 994 833 1050 testemur.
852 991 917 1051 Hoc
931 1006 950 1050 a
965 985 1140 1049 Nobiscum
1154 985 1185 1047 in
1199 984 1325 1046 modum
1337 984 1470 1065 prestari

319 1084 464 1163 velimus,
479 1085 647 1163 existimes,
660 1090 695 1146 ut
705 1104 767 1147 una
779 1085 872 1147 etiam
884 1085 937 1146 tibi
949 1083 1142 1146 vehementer
1154 1080 1339 1161 gratulemur
1347 1080 1387 1142 de
1397 1100 1472 1162 prar-

318 1180 401 1242 claro
413 1188 466 1243 tuo
480 1181 511 1243 in
522 1181 715 1261 religionem,
729 1189 819 1263 atque
831 1181 862 1242 in
873 1179 1037 1242 Ecclesiam
1056 1178 1158 1240 animo
1170 1177 1209 1238 de
1223 1176 1343 1258 optimis
1353 1176 1471 1257 plenis-

317 1278 544 1359 qnemquitatis,
555 1278 636 1356 fidei,
646 1298 681 1341 ac
692 1279 843 1360 sapientia
853 1278 983 1341 consiliis
992 1284 1082 1358 atque
1094 1275 1263 1339 actionibus
1274 1273 1344 1350 tuis,
1356 1274 1471 1354 quibus

317 1383 406 1437 tuum
418 1376 617 1438 ministerium
627 1384 658 1438 et
672 1376 834 1439 Illustrimo
843 1376 916 1456 Regi
926 1376 1007 1457 quod
1016 1375 1141 1438 maximi
1156 1376 1281 1438 interest
1291 1375 1471 1457 acceptissi-

317 1491 405 1535 mum
417 1480 448 1535 et
458 1474 567 1536 exteris
576 1475 669 1537 etiam
682 1475 1086 1558 omnibusspectatissimum
1095 1473 1196 1536 reddis
1210 1473 1316 1534 :valde
1328 1473 1470 1554 cupimus

318 1567 450 1649 aliquam
473 1571 566 1633 Nobis
591 1573 848 1653 opportunitatem
862 1572 948 1651 dari,
973 1578 1006 1633 ut
1027 1572 1079 1652 qui
1093 1571 1132 1632 ad
1144 1570 1204 1631 boc
1218 1569 1367 1649 judicium
1381 1568 1421 1631 de
1439 1577 1470 1631 te

316 1672 455 1728 nostrum
468 1667 591 1730 accedat
603 1676 734 1750 paternae
742 1669 900 1750 singularis
911 1667 1126 1732 benevolentia
1138 1667 1289 1744 cumulus,
1302 1667 1402 1746 reipsa
1414 1665 1468 1726 tibi

316 1763 550 1842 confirmemus,
563 1785 598 1827 ac
610 1766 729 1828 interim
742 1767 939 1848 apostolicam
952 1765 1195 1829 benedictionem
1212 1764 1284 1842 tibi,
1303 1763 1411 1826 dilecte
1424 1763 1467 1824 illi

316 1860 426 1923 nobilis
445 1862 501 1938 vir,
522 1863 628 1925 intimo
647 1864 821 1943 gratissime
839 1864 1001 1927 voluntatis
1017 1883 1106 1927 sensu
1123 1872 1316 1946 peramanter
1327 1862 1468 1943 imperti-

315 1976 396 2020 mur.
410 1961 520 2021 Datam
530 1962 642 2032 Rome,
655 1964 736 2042 cpad
745 1964 887 2026 Sanctam
899 1965 1027 2025 Mariam
1037 1967 1194 2042 llcjorem,
1204 1966 1258 2025 aab
1269 1966 1391 2025 Annulo
1400 1967 1469 2024 Pia-

317 2063 436 2131 catorr's,
454 2060 504 2123 die
520 2063 678 2140 napata
690 2064 1177 2143 trtt,pontt)tccternostrinnae
1189 2068 1305 2146 quinto.

799 2205 983 2227 -n—-b-b

803 2336 966 2408 CCLXVI.

577 2502 800 2546 carissumus
823 2503 952 2546 cnarsro
973 2503 1059 2546 maro
1083 2503 1201 2547 nosrno

313 2658 316 2669 ·
428 2629 626 2689 Lunovrco
646 2627 885 2689 FRANCORUM
904 2627 998 2688 aaut
1017 2627 1356 2689 cunssrmmsstno

623 2757 860 2836 CLEMENS
886 2760 1012 2836 PAPA
1041 2758 1136 2835 XIV
1141 2821 1150 2838 .

1120 2919 1222 2976 llotnoe,
1233 2920 1248 2965 4
1260 2916 1318 2966 mlii
1334 2919 1404 2967 tm.

356 3022 532 3094 Curicum,
544 3026 602 3083 ete.
616 3019 831 3103 cumprimum
842 3019 1041 3082 Avenioniset
1051 3021 1220 3084 Comitatus
1229 3021 1397 3084 Venaissini
1407 3039 1468 3084 res-

314 3119 441 3184 tituendi
456 3139 475 3183 a
488 3119 581 3199 Regia
599 3121 757 3198 Maiestate
770 3121 838 3182 Tua
850 3119 1008 3182 consilium
1029 3120 1101 3182 iecit
1111 3121 1232 3184 initium
1243 3120 1399 3204 Nobisque
1413 3129 1474 3185 tuo

313 3218 435 3281 nomine
452 3217 587 3281 delatum
605 3219 809 3297 gratissimum
822 3225 959 3281 nostrum
973 3217 1109 3282 animum
1126 3220 1180 3283 tibi
1195 3228 1229 3282 nt
1241 3220 1419 3296 debuimus,
1434 3227 1466 3280 et

314 3315 392 3376 datis
410 3315 448 3377 ad
463 3321 493 3376 te
508 3315 630 3392 litteris,
649 3323 680 3378 el
693 3316 820 3398 publicis
835 3316 927 3379 etiam
945 3315 1215 3396 significationibus
1232 3316 1461 3381 declaravimus

314 3413 400 3474 Nunc
413 3429 484 3474 vero
502 3413 646 3474 eximios
666 3421 696 3476 te
709 3418 871 3478 constituta
884 3434 954 3476 eum
966 3416 1110 3497 preclare
1123 3417 1204 3479 item¹
1216 3423 1308 3498 atque
1324 3434 1361 3478 er
1380 3417 1464 3495 regia

314 3508 406 3572 animi
426 3510 469 3572 tui
495 3510 719 3591 magnitudine,
746 3513 941 3593 rereligione
959 3511 1119 3594 perfeceris
1140 3514 1233 3577 veteri
1252 3514 1303 3577 illa
1323 3509 1464 3577 matese

313 3610 500 3693 possessione
513 3612 629 3673 Sancte
642 3610 713 3674 buic
724 3611 791 3674 Sedi
802 3614 867 3692 jam
880 3611 1013 3691 reddita,
1028 3631 1158 3694 eumque
1171 3631 1240 3676 eam
1252 3610 1464 3695 prestantissi-

313 3726 396 3771 mam
405 3708 554 3774 actionem
566 3707 707 3773 omnibus
720 3708 840 3792 pietatis
852 3715 926 3788 tna,
938 3709 1093 3790 nostrique
1105 3709 1313 3773 amantissima
1323 3707 1466 3773 volunta-

313 3806 351 3867 tis
365 3807 544 3869 testimoniis
552 3808 758 3888 conjunxeris,
769 3808 880 3872 iterum
893 3806 1127 3872 luculentissima
1137 3805 1282 3887 ejusmodi
1293 3803 1396 3868 officia
1409 3807 1465 3869 tibi

313 3925 332 3967 a
345 3903 437 3966 Nobis
449 3903 550 3967 deberi
565 3908 790 3987 cognoscimus,
803 3913 892 3990 atque
906 3927 958 3971 eas
972 3913 1133 3990 propterea
1145 3907 1256 3988 gratias
1265 3912 1297 3968 et
1308 3904 1465 3968 reddimus

312 4010 343 4064 et
356 4003 519 4079 babemus,
540 4010 575 4064 nt
592 4023 688 4085 neque
709 4007 854 4084 maiores,
878 4025 974 4087 neque
994 4023 1120 4069 summae
1131 4000 1268 4067 caritatis
1281 4004 1309 4066 vi
1325 4022 1362 4067 ac
1373 4023 1464 4068 sensu

313 4101 458 4183 ampliore
471 4099 576 4162 referri
596 4120 730 4183 unquam
755 4103 880 4185 possint.
900 4107 995 4169 Omne
1012 4111 1132 4186 tempus
1153 4103 1349 4186 ponuficatus
1368 4103 1464 4165 nostri

313 4195 403 4259 luisse
421 4197 558 4280 prolecto
580 4199 719 4282 plurimis
740 4208 770 4262 et
789 4202 929 4265 maximis
947 4204 1022 4281 tuis,
1050 4201 1204 4264 carissime
1226 4200 1257 4263 in
1283 4198 1400 4262 Christo
1421 4199 1463 4262 fili

315 4301 427 4373 noster,
441 4297 472 4358 in
494 4298 554 4360 Nos
573 4297 684 4361 amoris
696 4298 812 4362 indiciis
828 4300 1000 4382 meritisque
1021 4299 1164 4362 refertum
1186 4297 1385 4380 agnoscimus·
1398 4315 1465 4380 quc

312 4407 394 4452 nuno
406 4397 506 4455 tamen
520 4396 624 4459 omnia
636 4415 698 4459 nno
709 4396 767 4460 boe
781 4397 983 4479 pulcherrimo
994 4402 1049 4460 tuo
1062 4397 1143 4460 iacto
1157 4397 1314 4477 amplexus
1325 4413 1359 4457 es
1371 4401 1465 4457 etur·

314 4490 445 4553 malasti.
461 4494 557 4565 Quare
571 4496 644 4558 nibil
659 4496 751 4559 Nobis
768 4493 930 4577 optabilius
943 4513 980 4558 ac
988 4493 1153 4574 jucundius
1164 4512 1231 4556 esse
1242 4499 1361 4576 potest,
1370 4507 1471 4574 quam:
