3194 5354
548 529 775 584 Documenta
795 529 919 585 valtis.
1253 532 1305 582 :leb
1381 571 1388 581 .

157 637 262 716 bisque
273 635 407 697 moribus
421 634 561 715 preditus
575 633 789 712 designabitur,
801 633 852 712 qui
867 633 1015 693 dictarum
1033 630 1192 692 domorum
1207 633 1303 713 presit

158 736 309 815 regimini,
323 735 421 796 deleto
434 734 552 814 penitus
565 740 596 794 et
607 728 768 813 suppresso
779 731 901 793 nominc
914 728 1083 792 Societatis.

200 844 249 894 29.
272 832 464 894 Declaramus
479 829 648 891 individuos
662 829 754 890 etiam
775 827 921 910 predicta
943 825 1099 886 Societatis
1111 843 1148 886 ex
1164 826 1304 900 omnibus

160 929 338 1006 Provinciis,
358 948 377 990 a
396 927 505 1008 quibus
515 928 580 1005 jam
593 925 783 1007 reperiuntur
794 923 926 1005 expulsi,
939 921 1171 1003 comprehensos
1189 940 1254 984 csse
1272 923 1302 984 in

161 1028 217 1090 bac
226 1027 357 1106 generali
372 1025 529 1088 societatis
546 1025 758 1106 suppressione
774 1048 781 1085 :
795 1042 831 1086 ac
844 1021 970 1104 proinde
990 1022 1142 1096 volumus,
1154 1021 1237 1101 quod
1248 1040 1302 1084 su-

156 1125 282 1204 pradicti
293 1125 423 1206 expulsi,
438 1124 556 1187 etiamsi
568 1123 604 1186 ad
616 1124 748 1202 majores
756 1122 881 1185 Ordines
890 1121 965 1198 sint,
978 1127 1009 1183 et
1019 1120 1148 1183 existant
1156 1123 1299 1201 promoti,

155 1223 211 1284 nisi
226 1224 265 1285 ad
279 1223 372 1286 alium
386 1224 555 1302 regularem
566 1221 707 1285 Ordinem
730 1217 919 1295 transierint,
940 1218 979 1279 ad
993 1222 1105 1280 statum
1119 1215 1300 1279 elericorum

155 1328 186 1382 et
202 1323 446 1402 Presbyterorum
460 1320 653 1384 secularium
668 1319 734 1398 ipso
746 1316 825 1380 lacto
845 1314 1029 1394 redigantur,
1043 1321 1076 1377 et
1089 1316 1238 1375 Locorum
1248 1315 1301 1375 Or-

156 1418 279 1479 dinariis
291 1417 423 1480 totaliter
435 1417 642 1494 subjicientur.

197 1526 245 1575 su.
259 1517 407 1577 Locorum
421 1512 584 1590 Ordinarii,
597 1512 622 1575 si
635 1529 719 1587 eam,
734 1528 795 1590 qua
806 1527 882 1588 opus
894 1514 955 1581 est,
970 1505 1220 1587 deprehenderint
1237 1509 1299 1570 vir-

155 1617 268 1687 tutem,
292 1611 477 1687 doctrinam,
500 1627 679 1689 morumque
700 1607 899 1686 integritatem
924 1605 954 1666 in
978 1605 1028 1681 iis,
1053 1605 1106 1685 qui
1124 1624 1142 1667 e
1157 1603 1293 1686 Regulari

153 1708 309 1772 Societatis
319 1710 391 1770 lesu
405 1708 544 1770 lustituto
558 1707 597 1771 ad
611 1707 859 1786 Presbyterorum
871 1703 1062 1767 secularium
1074 1710 1186 1773 statum
1198 1704 1229 1766 in
1237 1704 1296 1766 vim

153 1805 345 1886 praesentimn
366 1810 537 1867 nostrarum
560 1805 727 1869 litterarum
741 1800 928 1876 transierint,
945 1806 1088 1880 poterunt
1106 1799 1151 1860 eis
1166 1818 1223 1880 pro
1241 1819 1297 1865 suo

155 1901 280 1964 arbitrio
303 1901 476 1963 facultatem
499 1901 614 1980 largiri,
639 1909 692 1963 aut
714 1899 861 1977 denegare
882 1896 1048 1977 excipiendi
1067 1897 1297 1959 sacramentales

153 1997 355 2061 confessiones
368 1997 476 2059 Christi
489 1998 653 2074 Fidelium,
669 2004 721 2059 aut
731 1996 866 2078 publicas
885 1995 924 2058 ad
939 1995 1086 2075 populum
1099 1994 1229 2056 habendi
1245 2013 1294 2055 sa-

155 2114 222 2158 cras
237 2095 413 2169 conciones,
427 2095 490 2156 sine
503 2113 564 2176 qua
581 2094 701 2158 licentia
721 2095 751 2156 in
772 2094 891 2176 scriptis
912 2112 1001 2156 nemo
1015 2095 1134 2156 illorum
1157 2093 1193 2155 iis
1212 2093 1293 2173 iungi

152 2192 328 2254 muneribus
342 2192 475 2254 audebit.
492 2195 577 2256 Hanc
589 2198 691 2268 tamen
705 2192 880 2256 facultatem
893 2192 984 2258 iidem
1002 2191 1157 2272 Episcopi,
1169 2192 1217 2253 vel
1232 2195 1294 2254 Lo-
1330 2216 1336 2225 ⁷

151 2305 257 2351 corruu
270 2288 416 2352 ordinarii
427 2306 582 2370 nunquam
594 2288 696 2369 quoad
707 2296 865 2356 extraneos
876 2289 911 2353 iis
920 2288 1101 2365 concedent,
1116 2288 1168 2368 qui
1180 2289 1211 2358 in
1222 2290 1294 2352 Gol-

151 2381 249 2460 legiis,
269 2390 320 2446 aut
329 2385 469 2448 domibus
480 2393 569 2449 antea
579 2384 619 2453 ad
637 2384 818 2449 Societatem
835 2385 1053 2466 pertinentibus
1061 2386 1153 2475 uitam
1171 2384 1294 2462 ducent,

150 2476 260 2556 quibus
269 2479 394 2560 proinde
403 2488 550 2562 perpetuo
560 2479 766 2545 interdicimus
772 2482 1002 2544 Sacramentum
1011 2480 1189 2562 poenitentia
1198 2485 1295 2541 extra·

92 2566 96 2572 ’
149 2573 213 2635 neis
225 2575 449 2655 administrare,
467 2579 514 2640 vel
526 2577 703 2660 predicare,
723 2577 980 2659 quemadmodum
993 2578 1056 2659 ipsa
1071 2577 1163 2641 etiam
1177 2579 1295 2657 Grego-

149 2669 211 2731 rius
220 2673 257 2732 x.
270 2673 474 2737 Prsdeoessor
485 2675 517 2736 in
530 2675 624 2740 citato
634 2676 766 2756 generali
780 2676 911 2739 Concilio
922 2676 1011 2740 simili
1024 2675 1116 2740 modo
1128 2674 1292 2756 prohibuit.
1365 2714 1367 2718 -

149 2769 213 2840 Qua
229 2767 267 2829 de
281 2786 314 2828 re
326 2770 461 2849 ipsorum
472 2772 690 2853 Episcoporum
703 2792 866 2835 oneramus
878 2774 1112 2850 conscientiam,
1129 2792 1206 2854 quos
1224 2791 1294 2834 me-

28 2906 32 2910 ·
150 2881 249 2927 mores
262 2863 399 2945 cupimus
416 2867 609 2930 severissimae
624 2869 702 2929 ilbus
721 2869 864 2946 rationis,
882 2889 977 2948 quam
1000 2870 1038 2932 de
1059 2869 1166 2931 ovibus
1187 2887 1293 2932 eorum

150 2979 229 3024 cura
245 2961 413 3025 commissis
433 2964 496 3026 Deo
505 2970 576 3028 sunt
589 2963 751 3042 reddituri,
766 2973 796 3026 et
809 2965 959 3029 durissimi
973 2965 1065 3026 etiam
1078 2964 1153 3026 illud
1168 2964 1293 3042 judicii,

149 3056 232 3134 quod
245 3057 297 3135 iis,
310 3057 362 3138 qui
376 3063 521 3137 praesunt,
534 3076 694 3138 supremus
710 3061 861 3138 vivorum,
878 3069 909 3125 et
921 3067 1110 3125 mortuorum
1126 3061 1224 3124 Judex
1236 3063 1293 3124 mie

149 3161 250 3216 natur.

190 3262 239 3314 ar.
254 3250 402 3314 Volumus
416 3257 580 3332 preterea,
599 3252 682 3333 quod
693 3253 796 3334 siquis
814 3272 920 3318 eorum
931 3300 939 3333 ,
951 3255 1002 3336 qui
1023 3255 1180 3318 Societatis
1200 3253 1292 3316 lnsti-

148 3355 249 3414 tutum
259 3347 489 3432 profitebantur,
503 3367 614 3415 munus
623 3358 760 3414 exerceat
768 3351 922 3415 erudiendi
934 3352 964 3415 in
976 3352 1081 3415 litteris
1090 3352 1291 3431 juventutem,

149 3453 201 3508 aut
215 3447 390 3526 Magistrum
403 3452 472 3526 agat
489 3446 520 3508 iu
536 3446 637 3527 aliquo
651 3447 796 3528 Colleglo,
812 3455 865 3512 aut
876 3449 996 3527 schola,
1008 3448 1130 3512 remotis
1143 3449 1291 3529 penitusa

148 3545 305 3625 regimine,
317 3545 589 3625 administratione,
600 3552 631 3607 et
640 3545 787 3626 gubernio
795 3591 805 3624 ,
814 3546 979 3610 iistantum
989 3546 1021 3609 in
1030 3544 1156 3609 docendi
1166 3563 1291 3609 munere

148 3641 232 3707 loom
251 3643 305 3706 liat
322 3642 550 3724 perseverandi,
569 3649 601 3708 et
612 3649 764 3725 potestas,
783 3645 836 3725 qui
857 3644 896 3708 ad
917 3645 993 3710 bane
1006 3645 1043 3708 de
1056 3644 1118 3709 suis
1136 3642 1291 3707 laboribus

148 3742 330 3820 sperandum
343 3742 461 3823 signum
474 3741 595 3822 aliquod
607 3741 816 3823 preseleraut,
829 3749 861 3805 et
874 3742 1040 3807 dummodo
1054 3742 1164 3814 abillis
1177 3740 1291 3805 alicam

147 3861 179 3904 se
190 3843 341 3923 prebeant
354 3842 623 3924 disputationibus,
638 3848 669 3905 et
679 3841 821 3905 doctrine
831 3842 996 3924 capitibus,
1008 3860 1075 3923 qua
1086 3860 1142 3911 sua
1154 3841 1201 3904 rel
1210 3839 1289 3902 laxi-

147 3947 225 4016 tate,
238 3940 284 4003 vel
306 3940 450 4029 inanitate
468 3941 661 4023 gravissimas
675 3940 896 4020 conteutioues,
920 3948 951 4007 et
973 3939 1167 4007 incommoda
1181 3955 1288 4020 parere

147 4040 259 4115 solent,
273 4046 305 4103 et
315 4058 488 4120 procreare3
499 4059 556 4108 uec
565 4042 628 4106 ullo
639 4060 773 4123 uuquam
782 4047 918 4123 tempore
930 4040 969 4104 ad
978 4038 1150 4121 husjusmodi
1160 4037 1288 4105 docendi

146 4159 256 4204 munus
266 4140 286 4205 ii
297 4139 559 4220 admittantur,rel
569 4141 600 4205 iu
611 4157 665 4219 eo,
675 4140 867 4206 duuncactu
877 4146 1045 4216 versantur,
1057 4154 1143 4203 suam
1151 4135 1289 4203 sinantur

146 4245 285 4318 prestare
307 4255 448 4318 operam,
471 4240 523 4320 qui
543 4239 716 4301 scholarum
729 4239 879 4318 quietem,
899 4256 936 4305 ac
951 4236 1103 4318 publicam
1115 4232 1288 4314 tranquilli-

147 4341 240 4397 tatem
251 4353 313 4398 nou
326 4340 398 4399 sunt
407 4353 464 4416 pro
477 4336 590 4401 abibas
600 4334 816 4399 conservaturi.
1201 4400 1203 4405 .

186 4441 235 4494 aa.
247 4431 334 4507 Quod
347 4449 419 4495 vero
435 4431 474 4495 ad
486 4451 586 4499 sacrm
597 4433 704 4496 munet
722 4430 896 4510 missiones,
915 4448 1046 4513 quarum
1065 4430 1159 4506 eliam
1170 4430 1286 4496 ratione

146 4527 335 4610 intelligenda
348 4532 501 4610 volumus,
513 4550 710 4614 quecumque
728 4530 767 4594 de
778 4530 936 4599 societatis
951 4531 1163 4614 suppressione
1181 4529 1286 4612 dispo-
