3194 5354
476 484 657 552 EPlS'l'OLAE
670 484 718 537 ΕΤ
738 483 870 537 aarum
889 482 1118 536 SELECTlOlld.
1334 489 1370 538 65

756 659 837 728 [rx.

629 824 823 870 vanansmu
848 823 960 865 enaret

256 940 521 1002 Mtxlmmmno
548 941 755 1002 FRIDERICO
783 939 1087 1000 nuculnetseoeo
1116 935 1343 999 comnenus!

331 1072 369 1120 ar
387 1071 539 1119 ariscoro
552 1019 811 1132 uonssrammsr,
826 1073 851 1118 s.
864 1071 893 1119 n.
907 1072 927 1119 1.
941 1070 1078 1119 emnem
1093 1069 1263 1128 atumem,

535 1196 769 1275 CLEMENS
796 1199 925 1274 PAPA
952 1197 1059 1273 XlV.

965 1365 1058 1420 Romu,
1070 1364 1096 1410 tl
1113 1359 1226 1409 februarii
1241 1363 1307 1410 1770.

273 1481 466 1551 Venerabilis,
479 1487 537 1540 etc.
556 1478 694 1539 Libenter
706 1476 905 1537 intelleximus
920 1483 986 1536 tum
995 1493 1035 1536 ex
1052 1474 1157 1536 litteris
1167 1473 1372 1535 Fraternitatis

231 1585 304 1654 tuae,
316 1595 387 1639 cum
402 1595 438 1638 ex
452 1576 562 1638 dilecto
575 1575 637 1637 lilio
649 1574 796 1637 canonico
807 1574 958 1636 Friderico
966 1573 1080 1635 barone
1093 1572 1131 1634 de
1142 1575 1266 1648 Droste,
1281 1591 1372 1652 quem

228 1673 267 1736 ad
278 1691 334 1737 nos
346 1672 459 1735 idcirco
470 1672 615 1752 allegasti,
627 1673 806 1754 praeclarum
819 1671 952 1733 studium
973 1678 1078 1746 tuum,
1093 1689 1154 1750 quo
1172 1671 1319 1747 maiorem
1342 1669 1372 1730 in

224 1771 350 1833 modum
369 1769 576 1848 intlammaris,
590 1759 666 1832 utin
683 1776 737 1831 tua
753 1767 978 1831 Monasteriensi
991 1767 1112 1829 civitate
1123 1771 1134 1845 (
1145 1786 1216 1859 curn
1231 1766 1372 1829 severiori

228 1869 300 1931 cleri
315 1868 472 1948 disciplina
484 1868 634 1929 bonarum
655 1867 767 1928 artium
778 1885 814 1928 ac
826 1865 1034 1929 doctrinarum
1049 1864 1195 1927 institutio
1209 1863 1373 1944 quodqui-

227 1965 297 2029 dem
313 1964 481 2026 vicinarum
491 1961 664 2024 dioecesium
687 1980 723 2032 ac
733 1962 826 2025 totius
841 1960 933 2025 etiam
944 1960 1139 2040 Westphatiae
1152 1961 1273 2024 utilitati
1286 1961 1371 2023 sutu-

224 2080 292 2123 rum
304 2060 358 2138 sit)
371 2059 571 2120 constituatur
582 2075 618 2119 ac
629 2056 807 2119 efflorescat.
817 2058 878 2119 Nos
890 2075 962 2119 sane
974 2055 1109 2118 animum
1127 2056 1207 2118 hunc
1221 2063 1308 2119 tuum
1322 2056 1372 2118 di-

224 2174 358 2238 gnasquc
370 2162 424 2217 tua
433 2154 544 2217 virtute
556 2173 645 2218 curas
660 2171 698 2215 ea
714 2153 805 2216 laude
821 2173 857 2216 ac
876 2152 1088 2233 praedicaticne
1103 2153 1323 2233 prosequimur,
1340 2161 1372 2215 ut

225 2255 416 2317 vehementer
437 2252 609 2314 adtentum
628 2252 853 2332 provehendum
867 2271 903 2314 ac
916 2250 1132 2333 perficiendum
1154 2269 1231 2330 opus
1253 2257 1371 2313 nostras

135 2368 140 2378 ·
223 2351 316 2413 etiam
333 2348 501 2431 apostolica
515 2348 702 2413 auctoritatis
721 2354 821 2429 partes
842 2348 977 2410 conferre
998 2346 1244 2428 capuanensi
1264 2346 1372 2409 eodem

223 2456 359 2529 tempore
376 2464 448 2509 cum
467 2445 600 2527 potiores
620 2445 707 2508 adid
726 2446 1016 2528 opportunioresque
1032 2446 1163 2511 rationes
1181 2447 1250 2527 eligi
1263 2446 1373 2509 debere

199 2619 205 2627 ¹
224 2547 378 2609 videamus
388 2591 397 2624 ,
409 2546 577 2608 necessario
589 2545 840 2627 interponendam
851 2564 969 2617 moram
983 2563 1048 2608 esse
1060 2546 1195 2627 aliquam
1214 2545 1372 2624 ducimus,

224 2662 285 2722 quo
296 2643 445 2723 quadam,
456 2643 493 2705 de
504 2642 613 2724 quibus
625 2643 734 2723 agitur,
745 2642 845 2705 adbuc
859 2644 955 2724 magis
968 2642 1113 2706 declarari
1130 2643 1234 2722 Nobis,
1251 2661 1288 2705 ac
1299 2661 1374 2724 per-

224 2740 373 2820 spectiora
381 2758 446 2801 esse
458 2747 548 2820 atque
559 2740 761 2821 exploratiora
772 2742 897 2823 possint.
907 2745 951 2804 Ea
959 2741 1129 2821 cujusmodi
1140 2742 1200 2804 sint
1210 2759 1374 2821 cognosces

222 2855 259 2896 ex
273 2836 443 2897 Venerabili
461 2838 563 2898 Fratre
580 2836 804 2918 archiepiscopo
819 2839 911 2899 Iconii
927 2845 1030 2899 nostro
1048 2845 1078 2899 et
1097 2838 1268 2918 apostolica
1289 2837 1374 2899 Sedis

222 2935 346 3010 Nuntio,
355 2933 393 2994 ad
402 2953 493 3013 quem
502 2934 605 2996 dehoc
616 2933 843 3012 ipsodiligenter
853 2934 1009 3014 perscribi,
1023 2953 1059 2994 ac
1068 2933 1204 2994 mandari
1213 2935 1370 3010 jussimus.

226 3035 342 3092 Interea
354 3031 427 3092 illud
441 3030 494 3090 tibi
509 3029 635 3090 velimus
649 3029 780 3089 maxime
794 3028 976 3108 persuadeas
990 3029 1217 3107 propensiorem
1228 3046 1320 3107 quam
1334 3031 1373 3091 sit

224 3127 460 3207 alacrioremque
471 3143 536 3186 esse
554 3142 614 3186 non
630 3142 719 3203 posse
733 3123 919 3203 pontificiam
931 3124 1117 3186 voluntatem
1138 3132 1274 3186 nostram
1287 3125 1326 3187 ed
1337 3143 1375 3189 ca

223 3224 327 3286 omnia
342 3224 398 3285 sibi
415 3221 584 3303 prestanda
602 3219 775 3301 apostolice
805 3220 992 3282 auctoritatis
1015 3209 1172 3298 subsidia,
1183 3239 1250 3301 quae
1270 3229 1302 3285 et
1319 3241 1374 3285 sa-

224 3339 346 3383 crorum
355 3324 512 3383 canonum
522 3319 632 3399 regulis
646 3318 846 3394 consentiant,
859 3325 890 3380 et
898 3319 1039 3381 Ecclesia
1048 3320 1212 3396 prasertim
1226 3321 1287 3384 sint
1296 3336 1373 3402 pro-

222 3419 333 3480 futura.
352 3420 437 3479 Hanc
457 3416 548 3478 animi
563 3417 656 3477 nostri
667 3415 845 3477 sententiam
859 3434 914 3482 suo
929 3415 982 3476 tibi
995 3415 1168 3490 testimonio
1180 3417 1373 3486 confirmabit

223 3517 303 3578 idem
313 3515 477 3578 canonicus
491 3513 528 3575 de
543 3515 659 3589 Droste,
673 3530 764 3593 quem
777 3512 816 3573 ad
829 3513 889 3574 Nos
905 3511 1099 3575 accedentem
1112 3520 1146 3575 ut
1159 3515 1301 3594 singulari
1316 3516 1373 3578 be-

224 3611 584 3691 nevolentiaexcepimus,
595 3617 625 3671 et
634 3627 758 3671 suorum
766 3608 954 3687 meritorum,
965 3619 996 3671 et
1007 3617 1059 3671 tua
1070 3611 1256 3689 aliorumque
1267 3629 1370 3688 causa,

221 3726 351 3788 quorum
366 3707 404 3770 ad
415 3710 476 3770 Nos
490 3705 766 3768 commendationes
774 3705 895 3784 detulit,
909 3706 952 3768 ita
962 3706 1125 3769 discedenti
1146 3727 1163 3768 a
1178 3706 1286 3785 Nobis,
1300 3707 1373 3769 illud
1487 3736 1488 3741 ¹

222 3805 252 3865 in
271 3805 419 3867 mandatis
438 3804 586 3885 precipue
606 3804 756 3880 dedimus,
779 3812 812 3866 ut
826 3805 929 3867 omnia
948 3805 1003 3866 tibi
1017 3805 1116 3866 studia
1130 3824 1200 3885 erga
1219 3813 1250 3868 te
1262 3805 1372 3868 Nostra

222 3900 445 3981 diligentissime
456 3900 600 3982 perferat,
610 3901 811 3982 eximiamque
821 3902 954 3963 declaret
963 3902 1160 3982 pontificiam,
1174 3920 1235 3982 qua
1249 3908 1278 3963 te
1289 3919 1373 3963 com·

222 3998 570 4078 plectimur,caritatem.
584 4000 617 4061 ln
629 3999 833 4080 cujuspignus
845 3998 1043 4080 apostolicam
1052 3999 1292 4061 benedictionem
1304 3999 1370 4076 tibi,

225 4095 410 4159 Venerabilis
424 4099 538 4173 Frater,
553 4103 744 4176 peramanter
759 4096 961 4176 impertimur.
975 4099 1087 4160 Datum
1101 4100 1215 4170 Boron,
1231 4103 1303 4172 ete,
1321 4097 1387 4168 die,

228 4206 261 4254 tt
270 4193 421 4270 februarii
436 4207 523 4274 1770,
535 4199 727 4275 certificatos
737 4199 834 4256 nostri
847 4214 929 4258 anno
944 4201 1051 4276 primo.
