3194 5354
394 513 575 569 EPISTOLAE
594 515 640 569 ET
657 513 790 570 BREVlh
807 513 1042 574 SELECTlORA.
1242 530 1291 580 17⁵

145 617 242 679 ordini
263 618 479 681 Sancti-Lazari
491 637 545 700 per
559 621 621 681 Nos
634 619 757 699 lamam,
772 627 802 682 et
816 638 909 700 quam
928 629 1013 700 grata
1026 624 1081 684 tibi
1094 633 1172 687 esset
1192 627 1293 691 lutura

145 717 303 797 singularis
316 723 419 778 nostra
431 717 471 778 de
490 726 535 794 te,
557 716 654 798 deque
666 717 810 797 religione
824 725 876 778 tua
889 717 918 778 in
928 736 967 779 ea
984 719 1123 782 univorsa
1136 740 1168 783 re
1190 734 1293 787 sancte

144 814 254 895 pieque
265 813 396 894 gerenda
406 813 528 892 fiducia,
537 812 575 875 de
585 831 647 894 quo
659 815 751 875 etiam
760 812 904 874 dilectum
914 813 1009 875 lilium
1020 822 1157 878 nostrum
1168 818 1293 882 loachi-

144 930 219 974 num
228 913 259 975 S.
271 915 307 975 n.
319 914 354 975 E.
365 914 554 977 Cardinalem
566 913 604 974 de
616 913 731 991 Remis,
742 911 794 994 qui
803 929 908 974 sensus
918 920 1036 975 nostros
1047 915 1186 995 praeclare
1196 921 1292 996 norit,

143 1011 303 1074 certiorem
317 1021 347 1074 te
357 1012 462 1074 secisse
479 1030 541 1074 non
553 1009 783 1085 dubitabamns3
796 1016 898 1071 tamen
918 1009 948 1070 id
964 1010 1062 1091 ipsum
1080 1020 1143 1073 tam
1155 1013 1293 1078 luculen-

143 1117 201 1187 ter,
224 1118 346 1192 tamque
361 1109 506 1175 benevole
524 1109 750 1173 humanissimis
763 1109 869 1172 Literis
882 1109 943 1171 tuis
959 1109 1117 1190 significari
1132 1113 1224 1179 Nobis
1238 1115 1294 1178 luit

140 1205 404 1285 jucundissimum.
427 1207 473 1270 Ad
493 1208 572 1270 hanc
595 1205 816 1288 jucunditatem
836 1215 972 1271 nuaram
1002 1208 1129 1273 mirifica
1148 1211 1229 1275 iacta
1248 1225 1294 1277 ost

143 1307 274 1369 accessio
302 1307 394 1369 literis
417 1305 601 1368 dilectissimi
623 1307 655 1368 in
675 1305 792 1368 Christo
813 1304 865 1366 filii
887 1306 980 1368 nostri
1006 1288 1147 1370 Ludocic‘i
1166 1311 1292 1391 Augusti

142 1402 307 1465 Galliarum
319 1401 455 1485 Delphini
468 1403 593 1484 Nepotis
604 1402 659 1480 tui,
674 1401 956 1483 quibus‘praeclaros
970 1423 1057 1481 suos,
1070 1424 1107 1466 ac
1117 1413 1177 1467 tuae
1189 1409 1292 1488 pietati

142 1508 360 1563 consentaneos
380 1519 486 1563 sensus
505 1501 566 1562 late
580 1499 673 1562 Nobis
687 1498 833 1580 explicat,
850 1518 994 1580 suamque
1007 1510 1179 1565 accuratam
1191 1505 1220 1566 in
1234 1506 1293 1567 hac

141 1608 175 1660 re
185 1615 309 1680 operam
321 1616 357 1660 ac
368 1598 460 1661 fidem
473 1598 589 1680 prolixe
602 1598 770 1678 pollicetur.
784 1597 844 1659 Nos
855 1597 979 1678 quidem
990 1598 1145 1662 excellenti
1158 1600 1217 1664 hoc
1227 1608 1291 1679 tuo,

143 1702 286 1779 tuumque
304 1697 457 1779 exemplar
470 1697 578 1758 eximia
594 1697 747 1758 referentis
760 1696 883 1777 Nepotis
903 1696 946 1757 tui
963 1696 994 1757 in
1007 1715 1109 1760 sacras
1124 1716 1172 1761 res
1192 1700 1293 1762 studio

139 1792 209 1856 heti
223 1814 284 1857 non
298 1795 397 1857 solum
411 1812 566 1876 speramus
581 1813 634 1856 eos
648 1795 748 1857 Sancti
764 1795 866 1857 Lazari
885 1793 981 1856 ordini
1000 1794 1159 1859 attributos
1180 1796 1292 1860 reditus

142 1891 180 1953 ad
199 1892 251 1954 Dei
272 1893 399 1972 gloriam
418 1891 585 1972 precipue,
604 1898 634 1953 et
653 1891 691 1952 ad
706 1909 874 1974 pauperum
890 1893 1051 1955 utilitatem
1068 1910 1219 1971 cessuros,
1240 1896 1293 1957 sed
1375 1901 1376 1904 ’

142 1989 309 2053 uberrimos
324 2008 460 2070 quosque
470 2007 526 2070 pro
540 2007 642 2051 rerum
656 1991 880 2071 opportunitate
893 1989 1027 2072 religioni
1049 1998 1142 2073 atque
1152 1992 1292 2054 Ecclesia

140 2087 272 2164 fructus,
288 2087 424 2168 prasidio
439 2093 528 2166 atque
540 2095 718 2148 ornamenta
731 2107 749 2149 a
766 2089 853 2150 vohis
863 2106 1030 2168 numquam
1042 2088 1183 2151 delutum
1194 2090 1292 2150 contl-

141 2184 252 2245 dimus.
276 2186 537 2265 supervacaneum
555 2182 679 2244 omnino
693 2191 750 2261 est,
764 2185 917 2246 carissime
932 2185 961 2245 in
977 2185 1093 2249 Christo
1114 2185 1154 2246 tili
1178 2192 1290 2260 noster,

140 2288 175 2341 ut
189 2287 324 2342 nostram
334 2279 463 2340 invicem
473 2277 723 2340 studiosissimam
733 2281 920 2341 voluntatem
934 2281 1088 2361 nostrique
1099 2280 1128 2341 in
1141 2288 1171 2342 te
1182 2282 1292 2342 amoris

75 2432 79 2437 .
140 2377 379 2458 magnitudinem
391 2377 443 2438 tibi
459 2376 594 2457 pluribus
605 2376 803 2453 declaremus.
820 2379 932 2439 Verum
943 2377 984 2439 ita
999 2378 1160 2439 universim
1174 2385 1202 2438 te
1217 2379 1290 2439 exis-

140 2475 248 2536 timare
258 2475 398 2557 cupimus
406 2520 414 2552 ,
430 2474 503 2536 nihil
516 2472 675 2554 essequod
689 2474 727 2536 ad
737 2481 821 2537 tuam
835 2481 952 2555 tueque
967 2474 1066 2554 Regiae
1080 2478 1193 2536 Domus
1204 2471 1291 2537 inco-

140 2572 308 2635 lumitatem
318 2582 348 2635 et
358 2573 504 2653 gloriam,
519 2569 602 2653 quod
614 2573 653 2634 ad
664 2573 747 2653 regni
760 2572 1010 2654 tranquillitatem
1022 2580 1112 2653 atque
1127 2573 1291 2635 incremen-

139 2679 206 2732 tum
218 2673 381 2753 pertineat,
397 2674 426 2735 in
439 2688 499 2754 quo
510 2691 569 2735 non
581 2672 775 2735 libentissime
783 2689 907 2736 omnem
919 2679 1071 2749 nostram,
1086 2679 1176 2754 atque
1188 2675 1291 2754 Apos-
1349 2679 1352 2684 ’

140 2769 237 2830 tolice
248 2769 333 2831 Sedis
342 2787 447 2832 curam
459 2776 549 2850 atquc
558 2787 683 2850 operam
694 2771 896 2851 conferamus,
906 2772 1047 2851 metuique
1059 2778 1112 2832 tua
1124 2790 1160 2832 ao
1168 2778 1290 2833 tuorum

139 2865 281 2929 felicitate
295 2868 420 2949 perinde
435 2887 471 2931 ac
485 2875 588 2931 nostra
607 2869 751 2930 letemur.
773 2873 817 2930 hc
831 2871 861 2931 in
875 2888 999 2931 summe
1020 2874 1167 2948 paternae,
1187 2885 1246 2946 qua
1262 2876 1291 2927 tc

139 2962 381 3043 complectimur,
399 2963 535 3048 *caritatis
548 2963 657 3044 pignus
678 2963 874 3043 apostolicam
888 2962 1128 3023 benedictionem
1142 2961 1290 3037 Maiestati

140 3061 211 3120 'lua
229 3059 377 3139 regiisque
387 3058 516 3137 Liberis,
532 3076 567 3120 ac
578 3058 724 3119 universe
741 3058 849 3119 Domui
864 3056 1070 3119 amantissime
1090 3057 1288 3137 impertimur.

139 3162 252 3221 Datum
259 3160 369 3228 Romae,
380 3166 450 3235 etc,
462 3157 511 3218 dic
525 3156 1092 3243 asougrrstttttt‚pontt)tcatcsnortrt
1101 3170 1179 3214 oeno
1189 3159 1288 3214 tertio.

626 3282 802 3297 ..ι-ἠ

661 3406 768 3478 ctvl.

424 3550 685 3632 CLEMENS
712 3554 840 3632 PAPA
869 3548 977 3630 XIV.

347 3708 405 3768 AD
432 3705 698 3767 PERPETUAM
726 3704 798 3764 REI
823 3700 1081 3765 MEMORIAM.

872 3838 969 3897 mmor,
983 3839 1010 3886 ³1
1032 3833 1127 3896 augusti
1144 3834 1210 3883 llll.

182 3946 322 4012 Omnium
338 3947 428 4008 saluti
443 3952 569 4026 paterna
581 3943 705 4004 caritate
719 3942 824 4004 intenti
841 3958 927 4003 sacra
948 3937 1098 4003 interdum
1118 3940 1185 4000 loca
1198 3939 1282 4019 spiri·

141 4046 274 4112 tualdrus
286 4045 538 4127 indulgentiarum
557 4043 735 4105 muneribus
750 4042 947 4118 decoramus,
962 4038 1076 4102 utindc
1090 4036 1227 4099 fidelium
1237 4036 1289 4096 do-

140 4147 314 4208 luuctorum
327 4143 433 4206 anime
444 4145 479 4204 ll.
491 4145 527 4204 N.
542 4144 570 4203 J.
587 4142 619 4203 G.
636 4143 759 4222 ejusque
774 4146 947 4202 sanctorum
958 4132 1288 4216 suifragiameritorum

140 4243 283 4324 consequi
298 4249 329 4304 et
345 4242 401 4304 illis
421 4241 530 4322 adjutae
546 4240 739 4323 apurgatorii
760 4241 855 4322 poenis
869 4239 906 4301 ad
927 4246 1069 4300 artemam
1090 4233 1218 4293 salutem
1233 4248 1287 4313 per

140 4342 194 4403 Dei
209 4336 444 4402 misericordiam
465 4339 589 4422 perduci
612 4339 741 4402 valeant.
767 4335 1041 4422 supplicationibus
1065 4332 1166 4411 itaque
1186 4327 1284 4393 dhecti

140 4438 196 4499 lilii
214 4436 323 4499 nobilis
343 4435 397 4498 viri
419 4437 600 4500 Marchiouis
628 4437 665 4499 de
689 4438 814 4499 Pomhal
837 4435 914 4516 regis
934 4428 1098 4494 lldclissimi
1125 4429 1286 4491 secretario

140 4544 237 4600 status
256 4534 349 4599 Nobis
361 4556 451 4618 super
468 4538 526 4599 hoc
546 4536 699 4618 humiliter
723 4535 868 4616 porrectis
891 4530 1022 4593 inclinati
1038 4575 1046 4606 ,
1061 4528 1195 4591 tolentes
1208 4543 1285 4606 cap*
