<?xml version="1.0" encoding="UTF-8"?>
<!DOCTYPE html PUBLIC "-//W3C//DTD XHTML 1.0 Transitional//EN"
    "http://www.w3.org/TR/xhtml1/DTD/xhtml1-transitional.dtd">
<html xmlns="http://www.w3.org/1999/xhtml" xml:lang="en" lang="en">
 <head>
  <title>
</title>
<meta http-equiv="Content-Type" content="text/html;charset=utf-8" />
  <meta name='ocr-system' content='tesseract 3.04.00' />
  <meta name='ocr-capabilities' content='ocr_page ocr_carea ocr_par ocr_line ocrx_word'/>
</head>
<body>
  <div class='ocr_page' id='page_1' title='image "./clementisxivpon01clemgoog_0105.png"; bbox 0 0 3194 5354; ppageno 0'>
   <div class='ocr_carea' id='block_1_1' title="bbox 217 475 1434 2028">
    <p class='ocr_par' dir='ltr' id='par_1_1' title="bbox 224 475 940 538">
     <span class='ocr_line' id='line_1_1' title="bbox 224 475 940 538; baseline -0.013 0"><span class='ocrx_word' id='word_1_1' title='bbox 224 486 260 538; x_wconf 82' lang='grc'>90</span> <span class='ocrx_word' id='word_1_2' title='bbox 654 475 857 532; x_wconf 69' lang='lat' dir='ltr'>clausuris</span> <span class='ocrx_word' id='word_1_3' title='bbox 874 475 940 530; x_wconf 77' lang='lat' dir='ltr'>XlV</span> 
     </span>
    </p>

    <p class='ocr_par' dir='ltr' id='par_1_2' title="bbox 217 570 1434 2028">
     <span class='ocr_line' id='line_1_2' title="bbox 223 570 1375 664; baseline -0.003 -14"><span class='ocrx_word' id='word_1_4' title='bbox 223 586 318 650; x_wconf 85' lang='lat' dir='ltr'>Maris</span> <span class='ocrx_word' id='word_1_5' title='bbox 338 570 468 645; x_wconf 68' lang='lat' dir='ltr'>Antonia</span> <span class='ocrx_word' id='word_1_6' title='bbox 484 583 643 645; x_wconf 77' lang='lat' dir='ltr'>archiduce</span> <span class='ocrx_word' id='word_1_7' title='bbox 659 583 785 645; x_wconf 81' lang='lat' dir='ltr'>lluslriae</span> <span class='ocrx_word' id='word_1_8' title='bbox 806 582 926 664; x_wconf 84' lang='lat' dir='ltr'>nuptias</span> <span class='ocrx_word' id='word_1_9' title='bbox 942 581 996 642; x_wconf 90' lang='lat' dir='ltr'>tibi</span> <span class='ocrx_word' id='word_1_10' title='bbox 1009 579 1244 661; x_wconf 67' lang='lat' dir='ltr'>impertimur,</span> <span class='ocrx_word' id='word_1_11' title='bbox 1265 581 1375 646; x_wconf 80' lang='lat' dir='ltr'>eudem</span> 
     </span>
     <span class='ocr_line' id='line_1_3' title="bbox 222 671 1434 759; baseline -0.001 -14"><span class='ocrx_word' id='word_1_12' title='bbox 222 700 303 745; x_wconf 93' lang='lat' dir='ltr'>nuno</span> <span class='ocrx_word' id='word_1_13' title='bbox 321 681 469 759; x_wconf 77' lang='lat' dir='ltr'>maiorem</span> <span class='ocrx_word' id='word_1_14' title='bbox 491 680 523 741; x_wconf 92' lang='lat' dir='ltr'>in</span> <span class='ocrx_word' id='word_1_15' title='bbox 542 679 669 741; x_wconf 89' lang='lat' dir='ltr'>modum</span> <span class='ocrx_word' id='word_1_16' title='bbox 690 681 897 757; x_wconf 86' lang='lat' dir='ltr'>cumulamus,</span> <span class='ocrx_word' id='word_1_17' title='bbox 918 679 992 741; x_wconf 89' lang='lat' dir='ltr'>dum</span> <span class='ocrx_word' id='word_1_18' title='bbox 1015 678 1081 740; x_wconf 75' lang='lat' dir='ltr'>illas</span> <span class='ocrx_word' id='word_1_19' title='bbox 1105 678 1262 759; x_wconf 85' lang='lat' dir='ltr'>auspicato</span> <span class='ocrx_word' id='word_1_20' title='bbox 1283 679 1389 744; x_wconf 79' lang='lat' dir='ltr'>initas.</span> <span class='ocrx_word' id='word_1_21' title='bbox 1431 671 1434 675; x_wconf 64' lang='grc'><strong><em>’</em></strong></span> 
     </span>
     <span class='ocr_line' id='line_1_4' title="bbox 222 776 1376 860; baseline 0 -19"><span class='ocrx_word' id='word_1_22' title='bbox 222 778 356 842; x_wconf 81' lang='lat' dir='ltr'>monimo</span> <span class='ocrx_word' id='word_1_23' title='bbox 365 776 562 857; x_wconf 83' lang='lat' dir='ltr'>jucunditatis</span> <span class='ocrx_word' id='word_1_24' title='bbox 578 795 614 839; x_wconf 91' lang='lat' dir='ltr'>ao</span> <span class='ocrx_word' id='word_1_25' title='bbox 627 776 836 858; x_wconf 76' lang='lat' dir='ltr'><strong>gratulationis</strong></span> <span class='ocrx_word' id='word_1_26' title='bbox 849 784 957 840; x_wconf 82' lang='lat' dir='ltr'>nostre</span> <span class='ocrx_word' id='word_1_27' title='bbox 976 792 1082 855; x_wconf 74' lang='lat' dir='ltr'>mesu,</span> <span class='ocrx_word' id='word_1_28' title='bbox 1098 777 1193 858; x_wconf 84' lang='lat' dir='ltr'>iisque</span> <span class='ocrx_word' id='word_1_29' title='bbox 1213 781 1376 860; x_wconf 81' lang='lat' dir='ltr'>prosequi-</span> 
     </span>
     <span class='ocr_line' id='line_1_5' title="bbox 221 874 1374 957; baseline -0.001 -17"><span class='ocrx_word' id='word_1_30' title='bbox 221 874 396 953; x_wconf 74' lang='lat' dir='ltr'>minuetis,</span> <span class='ocrx_word' id='word_1_31' title='bbox 410 893 476 957; x_wconf 82' lang='lat' dir='ltr'>que</span> <span class='ocrx_word' id='word_1_32' title='bbox 488 874 527 938; x_wconf 85' lang='lat' dir='ltr'>ad</span> <span class='ocrx_word' id='word_1_33' title='bbox 540 882 624 938; x_wconf 89' lang='lat' dir='ltr'>tuam</span> <span class='ocrx_word' id='word_1_34' title='bbox 632 921 640 954; x_wconf 93' lang='lat'>,</span> <span class='ocrx_word' id='word_1_35' title='bbox 655 876 852 940; x_wconf 77' lang='lat' dir='ltr'><strong>Dilectissimo</strong></span> <span class='ocrx_word' id='word_1_36' title='bbox 867 877 898 938; x_wconf 90' lang='lat' dir='ltr'>in</span> <span class='ocrx_word' id='word_1_37' title='bbox 912 876 1029 939; x_wconf 72' lang='lat' dir='ltr'>Gbrimo</span> <span class='ocrx_word' id='word_1_38' title='bbox 1037 875 1080 938; x_wconf 85' lang='lat' dir='ltr'>nu</span> <span class='ocrx_word' id='word_1_39' title='bbox 1092 881 1207 955; x_wconf 84' lang='lat' dir='ltr'>noster,</span> <span class='ocrx_word' id='word_1_40' title='bbox 1222 882 1374 956; x_wconf 80' lang='lat' dir='ltr'>terrlegnc</span> 
     </span>
     <span class='ocr_line' id='line_1_6' title="bbox 220 971 1373 1055; baseline 0.001 -18"><span class='ocrx_word' id='word_1_41' title='bbox 220 977 351 1050; x_wconf 83' lang='lat' dir='ltr'>Demus,</span> <span class='ocrx_word' id='word_1_42' title='bbox 367 991 403 1034; x_wconf 91' lang='lat' dir='ltr'>ac</span> <span class='ocrx_word' id='word_1_43' title='bbox 420 971 550 1034; x_wconf 80' lang='lat' dir='ltr'>universi</span> <span class='ocrx_word' id='word_1_44' title='bbox 565 973 664 1052; x_wconf 75' lang='lat' dir='ltr'>gallici</span> <span class='ocrx_word' id='word_1_45' title='bbox 683 974 766 1054; x_wconf 90' lang='lat' dir='ltr'>regni</span> <span class='ocrx_word' id='word_1_46' title='bbox 782 974 954 1036; x_wconf 70' lang='lat' dir='ltr'>felicitatem</span> <span class='ocrx_word' id='word_1_47' title='bbox 972 981 1058 1037; x_wconf 87' lang='lat' dir='ltr'>tanto</span> <span class='ocrx_word' id='word_1_48' title='bbox 1071 975 1168 1055; x_wconf 87' lang='lat' dir='ltr'>magis</span> <span class='ocrx_word' id='word_1_49' title='bbox 1182 992 1201 1037; x_wconf 93' lang='lat' dir='ltr'>a</span> <span class='ocrx_word' id='word_1_50' title='bbox 1214 974 1308 1037; x_wconf 84' lang='lat' dir='ltr'>Nobis</span> <span class='ocrx_word' id='word_1_51' title='bbox 1320 994 1373 1038; x_wconf 89' lang='lat' dir='ltr'>re-</span> 
     </span>
     <span class='ocr_line' id='line_1_7' title="bbox 219 1070 1374 1175; baseline 0 -42"><span class='ocrx_word' id='word_1_52' title='bbox 219 1072 367 1149; x_wconf 82' lang='lat' dir='ltr'>feruntur,</span> <span class='ocrx_word' id='word_1_53' title='bbox 381 1087 443 1151; x_wconf 84' lang='lat' dir='ltr'>quo</span> <span class='ocrx_word' id='word_1_54' title='bbox 454 1071 614 1132; x_wconf 77' lang='lat' dir='ltr'>certiorem</span> <span class='ocrx_word' id='word_1_55' title='bbox 625 1070 694 1133; x_wconf 85' lang='lat' dir='ltr'>inde</span> <span class='ocrx_word' id='word_1_56' title='bbox 708 1072 937 1175; x_wconf 60' lang='lat' dir='ltr'>uberioremque</span> <span class='ocrx_word' id='word_1_57' title='bbox 951 1070 1090 1134; x_wconf 74' lang='lat' dir='ltr'>Ecclesiae</span> <span class='ocrx_word' id='word_1_58' title='bbox 1098 1072 1259 1133; x_wconf 70' lang='lat' dir='ltr'>utilitatem</span> <span class='ocrx_word' id='word_1_59' title='bbox 1273 1088 1374 1152; x_wconf 79' lang='lat' dir='ltr'>augr-</span> 
     </span>
     <span class='ocr_line' id='line_1_8' title="bbox 219 1166 1373 1250; baseline -0.005 -17"><span class='ocrx_word' id='word_1_60' title='bbox 219 1169 384 1233; x_wconf 87' lang='lat' dir='ltr'>ramur.1d</span> <span class='ocrx_word' id='word_1_61' title='bbox 405 1186 444 1230; x_wconf 88' lang='lat' dir='ltr'>ex</span> <span class='ocrx_word' id='word_1_62' title='bbox 465 1175 519 1231; x_wconf 87' lang='lat' dir='ltr'>tua</span> <span class='ocrx_word' id='word_1_63' title='bbox 540 1167 570 1230; x_wconf 94' lang='lat' dir='ltr'>in</span> <span class='ocrx_word' id='word_1_64' title='bbox 593 1171 670 1244; x_wconf 85' lang='lat' dir='ltr'>llos,</span> <span class='ocrx_word' id='word_1_65' title='bbox 691 1187 728 1230; x_wconf 90' lang='lat' dir='ltr'>ao</span> <span class='ocrx_word' id='word_1_66' title='bbox 749 1168 780 1229; x_wconf 91' lang='lat' dir='ltr'>in</span> <span class='ocrx_word' id='word_1_67' title='bbox 805 1168 1005 1250; x_wconf 86' lang='lat' dir='ltr'>apostolicam</span> <span class='ocrx_word' id='word_1_68' title='bbox 1027 1166 1130 1231; x_wconf 85' lang='lat' dir='ltr'>sedem</span> <span class='ocrx_word' id='word_1_69' title='bbox 1151 1168 1264 1249; x_wconf 85' lang='lat' dir='ltr'>pietate</span> <span class='ocrx_word' id='word_1_70' title='bbox 1279 1167 1373 1229; x_wconf 88' lang='lat' dir='ltr'>Nobis</span> 
     </span>
     <span class='ocr_line' id='line_1_9' title="bbox 219 1265 1373 1348; baseline 0 -19"><span class='ocrx_word' id='word_1_71' title='bbox 219 1268 413 1330; x_wconf 86' lang='lat' dir='ltr'>vehementer</span> <span class='ocrx_word' id='word_1_72' title='bbox 428 1265 616 1347; x_wconf 83' lang='lat' dir='ltr'>pollicemur.</span> <span class='ocrx_word' id='word_1_73' title='bbox 630 1266 725 1328; x_wconf 88' lang='lat' dir='ltr'>Enixa</span> <span class='ocrx_word' id='word_1_74' title='bbox 732 1266 833 1346; x_wconf 87' lang='lat' dir='ltr'>itaque</span> <span class='ocrx_word' id='word_1_75' title='bbox 843 1284 862 1329; x_wconf 91' lang='lat' dir='ltr'>a</span> <span class='ocrx_word' id='word_1_76' title='bbox 871 1267 922 1327; x_wconf 86' lang='lat' dir='ltr'>Dei</span> <span class='ocrx_word' id='word_1_77' title='bbox 934 1266 1044 1347; x_wconf 86' lang='lat' dir='ltr'>Optimi</span> <span class='ocrx_word' id='word_1_78' title='bbox 1056 1266 1179 1329; x_wconf 79' lang='lat' dir='ltr'>Maximi</span> <span class='ocrx_word' id='word_1_79' title='bbox 1188 1267 1373 1348; x_wconf 73' lang='lat' dir='ltr'>omtgniuu·</span> 
     </span>
     <span class='ocr_line' id='line_1_10' title="bbox 218 1358 1372 1445; baseline 0.002 -21"><span class='ocrx_word' id='word_1_80' title='bbox 218 1364 424 1443; x_wconf 86' lang='lat' dir='ltr'>postulamus,</span> <span class='ocrx_word' id='word_1_81' title='bbox 439 1369 475 1425; x_wconf 90' lang='lat' dir='ltr'>ut</span> <span class='ocrx_word' id='word_1_82' title='bbox 498 1368 566 1424; x_wconf 86' lang='lat' dir='ltr'>rate</span> <span class='ocrx_word' id='word_1_83' title='bbox 587 1362 647 1424; x_wconf 83' lang='lat' dir='ltr'>sint</span> <span class='ocrx_word' id='word_1_84' title='bbox 668 1358 842 1441; x_wconf 85' lang='lat' dir='ltr'>hujusmodi</span> <span class='ocrx_word' id='word_1_85' title='bbox 856 1368 961 1444; x_wconf 87' lang='lat' dir='ltr'>optata</span> <span class='ocrx_word' id='word_1_86' title='bbox 978 1370 1099 1442; x_wconf 86' lang='lat' dir='ltr'>nostra,</span> <span class='ocrx_word' id='word_1_87' title='bbox 1122 1370 1214 1445; x_wconf 82' lang='lat' dir='ltr'>atque</span> <span class='ocrx_word' id='word_1_88' title='bbox 1231 1364 1296 1426; x_wconf 77' lang='lat' dir='ltr'>hcc</span> <span class='ocrx_word' id='word_1_89' title='bbox 1307 1370 1372 1426; x_wconf 81' lang='lat' dir='ltr'>tem</span> 
     </span>
     <span class='ocr_line' id='line_1_11' title="bbox 218 1458 1373 1542; baseline 0.003 -21"><span class='ocrx_word' id='word_1_90' title='bbox 218 1459 361 1539; x_wconf 79' lang='lat' dir='ltr'>preclara</span> <span class='ocrx_word' id='word_1_91' title='bbox 372 1459 457 1521; x_wconf 88' lang='lat' dir='ltr'>inilia</span> <span class='ocrx_word' id='word_1_92' title='bbox 468 1459 717 1522; x_wconf 78' lang='lat' dir='ltr'>luculentioribus</span> <span class='ocrx_word' id='word_1_93' title='bbox 728 1459 759 1521; x_wconf 92' lang='lat' dir='ltr'>in</span> <span class='ocrx_word' id='word_1_94' title='bbox 772 1460 837 1522; x_wconf 85' lang='lat' dir='ltr'>(lies</span> <span class='ocrx_word' id='word_1_95' title='bbox 849 1467 958 1523; x_wconf 80' lang='lat' dir='ltr'>nostre</span> <span class='ocrx_word' id='word_1_96' title='bbox 968 1461 1006 1524; x_wconf 92' lang='lat' dir='ltr'>de</span> <span class='ocrx_word' id='word_1_97' title='bbox 1020 1469 1050 1541; x_wconf 85' lang='lat' dir='ltr'>te</span> <span class='ocrx_word' id='word_1_98' title='bbox 1067 1458 1265 1542; x_wconf 73' lang='lat' dir='ltr'>jucunditatis</span> <span class='ocrx_word' id='word_1_99' title='bbox 1279 1461 1373 1524; x_wconf 89' lang='lat' dir='ltr'>inore·</span> 
     </span>
     <span class='ocr_line' id='line_1_12' title="bbox 219 1555 1372 1638; baseline 0.003 -22"><span class='ocrx_word' id='word_1_100' title='bbox 219 1555 327 1616; x_wconf 75' lang='lat' dir='ltr'>mertis</span> <span class='ocrx_word' id='word_1_101' title='bbox 347 1555 546 1637; x_wconf 84' lang='lat' dir='ltr'>excipiantur.</span> <span class='ocrx_word' id='word_1_102' title='bbox 568 1556 641 1634; x_wconf 85' lang='lat' dir='ltr'>Ejus</span> <span class='ocrx_word' id='word_1_103' title='bbox 662 1556 789 1637; x_wconf 90' lang='lat' dir='ltr'>proinde</span> <span class='ocrx_word' id='word_1_104' title='bbox 810 1558 934 1619; x_wconf 85' lang='lat' dir='ltr'>celestis</span> <span class='ocrx_word' id='word_1_105' title='bbox 954 1559 1056 1638; x_wconf 80' lang='lat' dir='ltr'>gratie</span> <span class='ocrx_word' id='word_1_106' title='bbox 1081 1559 1221 1638; x_wconf 86' lang='lat' dir='ltr'>largitate</span> <span class='ocrx_word' id='word_1_107' title='bbox 1240 1558 1372 1620; x_wconf 81' lang='lat' dir='ltr'>maxime</span> 
     </span>
     <span class='ocr_line' id='line_1_13' title="bbox 217 1654 1373 1735; baseline 0.001 -20"><span class='ocrx_word' id='word_1_108' title='bbox 217 1654 353 1717; x_wconf 86' lang='lat' dir='ltr'>roboreti</span> <span class='ocrx_word' id='word_1_109' title='bbox 369 1654 508 1735; x_wconf 87' lang='lat' dir='ltr'>cupimus</span> <span class='ocrx_word' id='word_1_110' title='bbox 525 1671 593 1716; x_wconf 87' lang='lat' dir='ltr'>eam</span> <span class='ocrx_word' id='word_1_111' title='bbox 613 1654 871 1731; x_wconf 86' lang='lat' dir='ltr'>benedictionem,</span> <span class='ocrx_word' id='word_1_112' title='bbox 892 1671 985 1735; x_wconf 84' lang='lat' dir='ltr'>quem</span> <span class='ocrx_word' id='word_1_113' title='bbox 999 1656 1029 1716; x_wconf 90' lang='lat' dir='ltr'>in</span> <span class='ocrx_word' id='word_1_114' title='bbox 1053 1671 1166 1717; x_wconf 86' lang='lat' dir='ltr'>novum</span> <span class='ocrx_word' id='word_1_115' title='bbox 1182 1672 1220 1716; x_wconf 91' lang='lat' dir='ltr'>ao</span> <span class='ocrx_word' id='word_1_116' title='bbox 1238 1654 1373 1716; x_wconf 84' lang='lat' dir='ltr'>certissi-</span> 
     </span>
     <span class='ocr_line' id='line_1_14' title="bbox 218 1738 1372 1831; baseline 0.001 -19"><span class='ocrx_word' id='word_1_117' title='bbox 218 1766 304 1812; x_wconf 90' lang='lat' dir='ltr'>mum</span> <span class='ocrx_word' id='word_1_118' title='bbox 318 1749 479 1831; x_wconf 82' lang='lat' dir='ltr'>pontificio</span> <span class='ocrx_word' id='word_1_119' title='bbox 491 1750 624 1811; x_wconf 85' lang='lat' dir='ltr'>caritatis</span> <span class='ocrx_word' id='word_1_120' title='bbox 642 1750 751 1831; x_wconf 89' lang='lat' dir='ltr'>pignus</span> <span class='ocrx_word' id='word_1_121' title='bbox 768 1750 840 1828; x_wconf 89' lang='lat' dir='ltr'>tibi,</span> <span class='ocrx_word' id='word_1_122' title='bbox 860 1750 1056 1813; x_wconf 88' lang='lat' dir='ltr'>Dilectissime</span> <span class='ocrx_word' id='word_1_123' title='bbox 1070 1751 1100 1812; x_wconf 91' lang='lat' dir='ltr'>in</span> <span class='ocrx_word' id='word_1_124' title='bbox 1113 1751 1233 1812; x_wconf 82' lang='lat' dir='ltr'>Christo</span> <span class='ocrx_word' id='word_1_125' title='bbox 1242 1738 1284 1812; x_wconf 83' lang='lat' dir='ltr'>lui</span> <span class='ocrx_word' id='word_1_126' title='bbox 1300 1767 1372 1813; x_wconf 85' lang='lat' dir='ltr'>noa·</span> 
     </span>
     <span class='ocr_line' id='line_1_15' title="bbox 218 1849 1371 1932; baseline -0.002 -20"><span class='ocrx_word' id='word_1_127' title='bbox 218 1857 276 1923; x_wconf 88' lang='lat' dir='ltr'>ter,</span> <span class='ocrx_word' id='word_1_128' title='bbox 302 1849 410 1911; x_wconf 89' lang='lat' dir='ltr'>intimo</span> <span class='ocrx_word' id='word_1_129' title='bbox 430 1850 548 1930; x_wconf 89' lang='lat' dir='ltr'>paterni</span> <span class='ocrx_word' id='word_1_130' title='bbox 572 1849 671 1912; x_wconf 88' lang='lat' dir='ltr'>cordis</span> <span class='ocrx_word' id='word_1_131' title='bbox 694 1866 783 1912; x_wconf 90' lang='lat' dir='ltr'>sensu</span> <span class='ocrx_word' id='word_1_132' title='bbox 804 1850 1010 1913; x_wconf 89' lang='lat' dir='ltr'>amantissime</span> <span class='ocrx_word' id='word_1_133' title='bbox 1030 1849 1232 1932; x_wconf 88' lang='lat' dir='ltr'>impertimur.</span> <span class='ocrx_word' id='word_1_134' title='bbox 1255 1851 1371 1911; x_wconf 83' lang='lat' dir='ltr'>Dolum</span> 
     </span>
     <span class='ocr_line' id='line_1_16' title="bbox 219 1945 1274 2028; baseline -0.005 -18"><span class='ocrx_word' id='word_1_135' title='bbox 219 1951 330 2019; x_wconf 80' lang='lat' dir='ltr'>Romo,</span> <span class='ocrx_word' id='word_1_136' title='bbox 344 1952 415 2018; x_wconf 70' lang='lat' dir='ltr'>etc„</span> <span class='ocrx_word' id='word_1_137' title='bbox 430 1948 480 2009; x_wconf 81' lang='lat' dir='ltr'>die</span> <span class='ocrx_word' id='word_1_138' title='bbox 495 1957 532 2008; x_wconf 86' lang='lat' dir='ltr'>so</span> <span class='ocrx_word' id='word_1_139' title='bbox 541 1952 617 2010; x_wconf 75' lang='lat' dir='ltr'>moll</span> <span class='ocrx_word' id='word_1_140' title='bbox 629 1958 716 2026; x_wconf 76' lang='lat' dir='ltr'>rnre,</span> <span class='ocrx_word' id='word_1_141' title='bbox 722 1951 919 2028; x_wconf 75' lang='lat' dir='ltr'>pontificatus</span> <span class='ocrx_word' id='word_1_142' title='bbox 935 1951 1033 2009; x_wconf 75' lang='lat' dir='ltr'>nostrl</span> <span class='ocrx_word' id='word_1_143' title='bbox 1042 1964 1122 2008; x_wconf 85' lang='lat' dir='ltr'>onae</span> <span class='ocrx_word' id='word_1_144' title='bbox 1135 1945 1274 2008; x_wconf 71' lang='lat' dir='ltr'>emam.</span> 
     </span>
    </p>
   </div>
   <div class='ocr_carea' id='block_1_2' title="bbox 703 2066 885 2080">
    <p class='ocr_par' dir='ltr' id='par_1_3' title="bbox 703 2066 885 2080">
     <span class='ocr_line' id='line_1_17' title="bbox 703 2066 885 2080; baseline 0.005 -1"><span class='ocrx_word' id='word_1_145' title='bbox 703 2066 885 2080; x_wconf 53' lang='grc' dir='ltr'><em>Ἣ</em></span> 
     </span>
    </p>
   </div>
   <div class='ocr_carea' id='block_1_3' title="bbox 711 2174 873 2249">
    <p class='ocr_par' dir='ltr' id='par_1_4' title="bbox 711 2174 873 2249">
     <span class='ocr_line' id='line_1_18' title="bbox 711 2174 873 2249; baseline 0 -2"><span class='ocrx_word' id='word_1_146' title='bbox 711 2174 873 2249; x_wconf 87' lang='lat' dir='ltr'>LXXXII.</span> 
     </span>
    </p>
   </div>
   <div class='ocr_carea' id='block_1_4' title="bbox 327 2332 1256 2502">
    <p class='ocr_par' dir='ltr' id='par_1_5' title="bbox 327 2332 1256 2502">
     <span class='ocr_line' id='line_1_19' title="bbox 478 2332 1109 2380; baseline -0.003 -2"><span class='ocrx_word' id='word_1_147' title='bbox 478 2335 651 2379; x_wconf 78' lang='lat' dir='ltr'>cuurssrrao</span> <span class='ocrx_word' id='word_1_148' title='bbox 672 2337 707 2378; x_wconf 86' lang='grc' dir='ltr'>ιιι</span> <span class='ocrx_word' id='word_1_149' title='bbox 730 2336 865 2380; x_wconf 82' lang='lat' dir='ltr'>cauxsro</span> <span class='ocrx_word' id='word_1_150' title='bbox 887 2332 969 2379; x_wconf 80' lang='lat' dir='ltr'>rrum</span> <span class='ocrx_word' id='word_1_151' title='bbox 992 2334 1109 2377; x_wconf 79' lang='lat' dir='ltr'>noerae</span> 
     </span>
     <span class='ocr_line' id='line_1_20' title="bbox 327 2436 1256 2502; baseline -0.005 -1"><span class='ocrx_word' id='word_1_152' title='bbox 327 2440 526 2502; x_wconf 78' lang='lat' dir='ltr'>LUDOVIGO</span> <span class='ocrx_word' id='word_1_153' title='bbox 540 2440 778 2502; x_wconf 76' lang='lat' dir='ltr'>mxncomm</span> <span class='ocrx_word' id='word_1_154' title='bbox 799 2440 897 2500; x_wconf 78' lang='lat' dir='ltr'>unul</span> <span class='ocrx_word' id='word_1_155' title='bbox 918 2436 1256 2501; x_wconf 76' lang='lat' dir='ltr'>cnmsulxmssmo</span> 
     </span>
    </p>
   </div>
   <div class='ocr_carea' id='block_1_5' title="bbox 531 2562 1060 2644">
    <p class='ocr_par' dir='ltr' id='par_1_6' title="bbox 531 2562 1060 2644">
     <span class='ocr_line' id='line_1_21' title="bbox 531 2562 1060 2644; baseline -0.004 -2"><span class='ocrx_word' id='word_1_156' title='bbox 531 2562 767 2643; x_wconf 86' lang='lat' dir='ltr'>CLEMENS</span> <span class='ocrx_word' id='word_1_157' title='bbox 794 2564 923 2644; x_wconf 85' lang='grc' dir='ltr'>ΡΑΡΑ</span> <span class='ocrx_word' id='word_1_158' title='bbox 952 2562 1060 2641; x_wconf 87' lang='lat' dir='ltr'><strong>XIV.</strong></span> 
     </span>
    </p>
   </div>
   <div class='ocr_carea' id='block_1_6' title="bbox 261 2713 1369 2898">
    <p class='ocr_par' dir='ltr' id='par_1_7' title="bbox 261 2713 1369 2898">
     <span class='ocr_line' id='line_1_22' title="bbox 559 2713 1307 2782; baseline -0.011 -17"><span class='ocrx_word' id='word_1_159' title='bbox 559 2778 561 2782; x_wconf 11' lang='lat' dir='ltr'>y</span> <span class='ocrx_word' id='word_1_160' title='bbox 1030 2713 1307 2775; x_wconf 57' lang='lat' dir='ltr'>ammomum.</span> 
     </span>
     <span class='ocr_line' id='line_1_23' title="bbox 261 2815 1369 2898; baseline 0 -21"><span class='ocrx_word' id='word_1_161' title='bbox 261 2817 434 2888; x_wconf 73' lang='lat' dir='ltr'>Carissimo,</span> <span class='ocrx_word' id='word_1_162' title='bbox 454 2825 511 2878; x_wconf 83' lang='lat' dir='ltr'>cto.</span> <span class='ocrx_word' id='word_1_163' title='bbox 528 2819 624 2891; x_wconf 84' lang='lat' dir='ltr'>Quam</span> <span class='ocrx_word' id='word_1_164' title='bbox 640 2818 670 2878; x_wconf 90' lang='lat' dir='ltr'>in</span> <span class='ocrx_word' id='word_1_165' title='bbox 684 2824 802 2898; x_wconf 87' lang='lat' dir='ltr'>partem</span> <span class='ocrx_word' id='word_1_166' title='bbox 813 2818 920 2880; x_wconf 81' lang='lat' dir='ltr'>letitie</span> <span class='ocrx_word' id='word_1_167' title='bbox 940 2827 999 2880; x_wconf 79' lang='lat' dir='ltr'>tue</span> <span class='ocrx_word' id='word_1_168' title='bbox 1016 2821 1078 2880; x_wconf 89' lang='lat' dir='ltr'>Nos</span> <span class='ocrx_word' id='word_1_169' title='bbox 1098 2836 1200 2894; x_wconf 85' lang='lat' dir='ltr'>vocas,</span> <span class='ocrx_word' id='word_1_170' title='bbox 1222 2815 1299 2878; x_wconf 88' lang='lat' dir='ltr'>dum</span> <span class='ocrx_word' id='word_1_171' title='bbox 1312 2833 1369 2877; x_wconf 88' lang='lat' dir='ltr'>oe-</span> 
     </span>
    </p>
   </div>
   <div class='ocr_carea' id='block_1_7' title="bbox 106 2910 1371 2995">
    <p class='ocr_par' dir='ltr' id='par_1_8' title="bbox 106 2910 1371 2995">
     <span class='ocr_line' id='line_1_24' title="bbox 106 2910 1371 2995; baseline 0.002 -22"><span class='ocrx_word' id='word_1_172' title='bbox 106 2940 114 2957; x_wconf 94' lang='lat'><strong>·</strong></span> <span class='ocrx_word' id='word_1_173' title='bbox 218 2913 349 2976; x_wconf 87' lang='lat' dir='ltr'>lebratas</span> <span class='ocrx_word' id='word_1_174' title='bbox 364 2931 431 2976; x_wconf 86' lang='lat' dir='ltr'>essa</span> <span class='ocrx_word' id='word_1_175' title='bbox 444 2910 595 2992; x_wconf 78' lang='lat' dir='ltr'>significae</span> <span class='ocrx_word' id='word_1_176' title='bbox 608 2914 864 2995; x_wconf 76' lang='lat' dir='ltr'>auspicatissimos</span> <span class='ocrx_word' id='word_1_177' title='bbox 876 2915 996 2995; x_wconf 86' lang='lat' dir='ltr'>nuptias</span> <span class='ocrx_word' id='word_1_178' title='bbox 1009 2914 1193 2977; x_wconf 88' lang='lat' dir='ltr'>dilectissimi</span> <span class='ocrx_word' id='word_1_179' title='bbox 1207 2912 1239 2975; x_wconf 86' lang='lat' dir='ltr'>iu</span> <span class='ocrx_word' id='word_1_180' title='bbox 1251 2911 1371 2975; x_wconf 82' lang='lat' dir='ltr'>Christo</span> 
     </span>
    </p>
   </div>
   <div class='ocr_carea' id='block_1_8' title="bbox 219 3008 1374 4550">
    <p class='ocr_par' dir='ltr' id='par_1_9' title="bbox 219 3008 1374 4550">
     <span class='ocr_line' id='line_1_25' title="bbox 219 3008 1373 3099; baseline -0.001 -27"><span class='ocrx_word' id='word_1_181' title='bbox 219 3010 270 3073; x_wconf 87' lang='lat' dir='ltr'>lilii</span> <span class='ocrx_word' id='word_1_182' title='bbox 282 3012 376 3074; x_wconf 87' lang='lat' dir='ltr'>nostri</span> <span class='ocrx_word' id='word_1_183' title='bbox 387 3011 529 3073; x_wconf 86' lang='lat' dir='ltr'>Lndovici</span> <span class='ocrx_word' id='word_1_184' title='bbox 542 3012 847 3099; x_wconf 53' lang='lat' dir='ltr'>Augustflolliarum</span> <span class='ocrx_word' id='word_1_185' title='bbox 858 3013 995 3094; x_wconf 83' lang='lat' dir='ltr'>Delphini</span> <span class='ocrx_word' id='word_1_186' title='bbox 1006 3012 1128 3093; x_wconf 73' lang='lat' dir='ltr'>nepotis</span> <span class='ocrx_word' id='word_1_187' title='bbox 1138 3010 1183 3072; x_wconf 90' lang='lat' dir='ltr'>tui</span> <span class='ocrx_word' id='word_1_188' title='bbox 1193 3026 1265 3071; x_wconf 89' lang='lat' dir='ltr'>eum</span> <span class='ocrx_word' id='word_1_189' title='bbox 1280 3008 1373 3071; x_wconf 89' lang='lat' dir='ltr'>dilee-</span> 
     </span>
     <span class='ocr_line' id='line_1_26' title="bbox 219 3102 1371 3177; baseline -0.003 -9"><span class='ocrx_word' id='word_1_190' title='bbox 219 3108 334 3170; x_wconf 85' lang='lat' dir='ltr'>tissima</span> <span class='ocrx_word' id='word_1_191' title='bbox 345 3108 417 3170; x_wconf 87' lang='lat' dir='ltr'>item</span> <span class='ocrx_word' id='word_1_192' title='bbox 429 3106 459 3169; x_wconf 91' lang='lat' dir='ltr'>in</span> <span class='ocrx_word' id='word_1_193' title='bbox 473 3108 591 3170; x_wconf 84' lang='lat' dir='ltr'>Christe</span> <span class='ocrx_word' id='word_1_194' title='bbox 601 3108 662 3170; x_wconf 89' lang='lat' dir='ltr'>lilia</span> <span class='ocrx_word' id='word_1_195' title='bbox 679 3113 782 3170; x_wconf 88' lang='lat' dir='ltr'>nestra</span> <span class='ocrx_word' id='word_1_196' title='bbox 799 3109 894 3171; x_wconf 86' lang='lat' dir='ltr'>blaria</span> <span class='ocrx_word' id='word_1_197' title='bbox 904 3108 1036 3172; x_wconf 77' lang='lat' dir='ltr'>Antonio</span> <span class='ocrx_word' id='word_1_198' title='bbox 1051 3107 1213 3169; x_wconf 85' lang='lat' dir='ltr'>archiduce</span> <span class='ocrx_word' id='word_1_199' title='bbox 1227 3102 1371 3177; x_wconf 64' lang='lat' dir='ltr'>bactria,</span> 
     </span>
     <span class='ocr_line' id='line_1_27' title="bbox 220 3200 1369 3284; baseline -0.006 -20"><span class='ocrx_word' id='word_1_200' title='bbox 220 3203 263 3264; x_wconf 88' lang='lat' dir='ltr'>ite</span> <span class='ocrx_word' id='word_1_201' title='bbox 281 3203 388 3264; x_wconf 88' lang='lat' dir='ltr'>eadem</span> <span class='ocrx_word' id='word_1_202' title='bbox 407 3203 506 3264; x_wconf 81' lang='lat' dir='ltr'>eflecti</span> <span class='ocrx_word' id='word_1_203' title='bbox 520 3221 635 3281; x_wconf 90' lang='lat' dir='ltr'>somus,</span> <span class='ocrx_word' id='word_1_204' title='bbox 649 3210 682 3264; x_wconf 91' lang='lat' dir='ltr'>ut</span> <span class='ocrx_word' id='word_1_205' title='bbox 700 3223 759 3265; x_wconf 91' lang='lat' dir='ltr'>nen</span> <span class='ocrx_word' id='word_1_206' title='bbox 776 3205 872 3284; x_wconf 86' lang='lat' dir='ltr'>magis</span> <span class='ocrx_word' id='word_1_207' title='bbox 888 3204 955 3281; x_wconf 89' lang='lat' dir='ltr'>tibi,</span> <span class='ocrx_word' id='word_1_208' title='bbox 966 3222 1059 3284; x_wconf 87' lang='lat' dir='ltr'>quam</span> <span class='ocrx_word' id='word_1_209' title='bbox 1073 3201 1167 3265; x_wconf 88' lang='lat' dir='ltr'>Nobis</span> <span class='ocrx_word' id='word_1_210' title='bbox 1177 3200 1250 3282; x_wconf 89' lang='lat' dir='ltr'>ipsis</span> <span class='ocrx_word' id='word_1_211' title='bbox 1260 3202 1369 3278; x_wconf 66' lang='lat' dir='ltr'>gratu</span> 
     </span>
     <span class='ocr_line' id='line_1_28' title="bbox 219 3296 1370 3380; baseline -0.003 -22"><span class='ocrx_word' id='word_1_212' title='bbox 219 3300 328 3374; x_wconf 91' lang='lat' dir='ltr'>lemur,</span> <span class='ocrx_word' id='word_1_213' title='bbox 346 3297 398 3376; x_wconf 88' lang='lat' dir='ltr'>qui</span> <span class='ocrx_word' id='word_1_214' title='bbox 422 3297 532 3359; x_wconf 89' lang='lat' dir='ltr'>eximio</span> <span class='ocrx_word' id='word_1_215' title='bbox 552 3318 587 3359; x_wconf 89' lang='lat' dir='ltr'>ac</span> <span class='ocrx_word' id='word_1_216' title='bbox 601 3300 689 3378; x_wconf 88' lang='lat' dir='ltr'>plane</span> <span class='ocrx_word' id='word_1_217' title='bbox 708 3308 833 3380; x_wconf 87' lang='lat' dir='ltr'>palemo</span> <span class='ocrx_word' id='word_1_218' title='bbox 856 3301 954 3363; x_wconf 86' lang='lat' dir='ltr'>studio</span> <span class='ocrx_word' id='word_1_219' title='bbox 975 3308 1005 3363; x_wconf 89' lang='lat' dir='ltr'>te</span> <span class='ocrx_word' id='word_1_220' title='bbox 1029 3308 1141 3380; x_wconf 87' lang='lat' dir='ltr'>tuaque</span> <span class='ocrx_word' id='word_1_221' title='bbox 1165 3296 1267 3360; x_wconf 90' lang='lat' dir='ltr'>omnis</span> <span class='ocrx_word' id='word_1_222' title='bbox 1286 3311 1370 3356; x_wconf 90' lang='lat' dir='ltr'>oem-</span> 
     </span>
     <span class='ocr_line' id='line_1_29' title="bbox 220 3390 1369 3478; baseline -0.002 -24"><span class='ocrx_word' id='word_1_223' title='bbox 220 3392 390 3474; x_wconf 88' lang='lat' dir='ltr'>plectimur.</span> <span class='ocrx_word' id='word_1_224' title='bbox 406 3393 423 3452; x_wconf 90' lang='lat' dir='ltr'>J</span> <span class='ocrx_word' id='word_1_225' title='bbox 426 3410 475 3453; x_wconf 87' lang='lat' dir='ltr'>am</span> <span class='ocrx_word' id='word_1_226' title='bbox 485 3398 551 3454; x_wconf 87' lang='lat' dir='ltr'>tum</span> <span class='ocrx_word' id='word_1_227' title='bbox 563 3393 737 3457; x_wconf 85' lang='lat' dir='ltr'>inchoatum</span> <span class='ocrx_word' id='word_1_228' title='bbox 750 3398 810 3460; x_wconf 91' lang='lat' dir='ltr'>hoc</span> <span class='ocrx_word' id='word_1_229' title='bbox 825 3398 856 3459; x_wconf 90' lang='lat' dir='ltr'>in</span> <span class='ocrx_word' id='word_1_230' title='bbox 870 3397 964 3459; x_wconf 90' lang='lat' dir='ltr'>Nobis</span> <span class='ocrx_word' id='word_1_231' title='bbox 976 3396 1120 3478; x_wconf 86' lang='lat' dir='ltr'>gaudium</span> <span class='ocrx_word' id='word_1_232' title='bbox 1133 3394 1207 3467; x_wconf 87' lang='lat' dir='ltr'>luit,</span> <span class='ocrx_word' id='word_1_233' title='bbox 1223 3408 1292 3455; x_wconf 90' lang='lat' dir='ltr'>cum</span> <span class='ocrx_word' id='word_1_234' title='bbox 1305 3390 1369 3452; x_wconf 93' lang='lat' dir='ltr'>im-</span> 
     </span>
     <span class='ocr_line' id='line_1_30' title="bbox 220 3486 1372 3575; baseline -0.003 -24"><span class='ocrx_word' id='word_1_235' title='bbox 220 3487 427 3572; x_wconf 87' lang='lat' dir='ltr'>pedimentum</span> <span class='ocrx_word' id='word_1_236' title='bbox 453 3488 492 3550; x_wconf 91' lang='lat' dir='ltr'>ad</span> <span class='ocrx_word' id='word_1_237' title='bbox 509 3490 728 3554; x_wconf 86' lang='lat' dir='ltr'>contrahendas</span> <span class='ocrx_word' id='word_1_238' title='bbox 748 3493 803 3555; x_wconf 87' lang='lat' dir='ltr'>hes</span> <span class='ocrx_word' id='word_1_239' title='bbox 825 3494 947 3575; x_wconf 88' lang='lat' dir='ltr'>nuptias</span> <span class='ocrx_word' id='word_1_240' title='bbox 966 3492 1131 3575; x_wconf 87' lang='lat' dir='ltr'>apostolice</span> <span class='ocrx_word' id='word_1_241' title='bbox 1149 3486 1372 3571; x_wconf 85' lang='lat' dir='ltr'>dispensatione</span> 
     </span>
     <span class='ocr_line' id='line_1_31' title="bbox 220 3592 1370 3667; baseline -0.001 -16"><span class='ocrx_word' id='word_1_242' title='bbox 220 3607 459 3667; x_wconf 85' lang='lat' dir='ltr'>removeremus,</span> <span class='ocrx_word' id='word_1_243' title='bbox 472 3604 553 3650; x_wconf 90' lang='lat' dir='ltr'>nunc</span> <span class='ocrx_word' id='word_1_244' title='bbox 566 3607 638 3650; x_wconf 85' lang='lat' dir='ltr'>vero</span> <span class='ocrx_word' id='word_1_245' title='bbox 653 3608 723 3652; x_wconf 90' lang='lat' dir='ltr'>eum</span> <span class='ocrx_word' id='word_1_246' title='bbox 740 3592 770 3652; x_wconf 91' lang='lat' dir='ltr'>in</span> <span class='ocrx_word' id='word_1_247' title='bbox 786 3592 910 3655; x_wconf 92' lang='lat' dir='ltr'>modum</span> <span class='ocrx_word' id='word_1_248' title='bbox 926 3598 1049 3655; x_wconf 84' lang='lat' dir='ltr'>auctum</span> <span class='ocrx_word' id='word_1_249' title='bbox 1060 3600 1091 3655; x_wconf 87' lang='lat' dir='ltr'>et</span> <span class='ocrx_word' id='word_1_250' title='bbox 1105 3593 1292 3654; x_wconf 88' lang='lat' dir='ltr'>cumulatum</span> <span class='ocrx_word' id='word_1_251' title='bbox 1310 3596 1370 3667; x_wconf 88' lang='lat' dir='ltr'>est,</span> 
     </span>
     <span class='ocr_line' id='line_1_32' title="bbox 220 3686 1372 3771; baseline -0.003 -20"><span class='ocrx_word' id='word_1_252' title='bbox 220 3697 254 3751; x_wconf 89' lang='lat' dir='ltr'>ut</span> <span class='ocrx_word' id='word_1_253' title='bbox 276 3691 327 3751; x_wconf 86' lang='lat' dir='ltr'>Dei</span> <span class='ocrx_word' id='word_1_254' title='bbox 347 3688 458 3770; x_wconf 84' lang='lat' dir='ltr'>Optimi</span> <span class='ocrx_word' id='word_1_255' title='bbox 483 3686 606 3750; x_wconf 87' lang='lat' dir='ltr'>Maximi</span> <span class='ocrx_word' id='word_1_256' title='bbox 623 3688 805 3769; x_wconf 76' lang='lat' dir='ltr'>benignitate</span> <span class='ocrx_word' id='word_1_257' title='bbox 825 3690 971 3771; x_wconf 89' lang='lat' dir='ltr'>plurimas</span> <span class='ocrx_word' id='word_1_258' title='bbox 989 3691 1156 3753; x_wconf 78' lang='lat' dir='ltr'>reseramus</span> <span class='ocrx_word' id='word_1_259' title='bbox 1177 3688 1216 3749; x_wconf 84' lang='lat' dir='ltr'>de</span> <span class='ocrx_word' id='word_1_260' title='bbox 1237 3688 1295 3748; x_wconf 88' lang='lat' dir='ltr'>hac</span> <span class='ocrx_word' id='word_1_261' title='bbox 1317 3695 1372 3749; x_wconf 89' lang='lat' dir='ltr'>tua</span> 
     </span>
     <span class='ocr_line' id='line_1_33' title="bbox 220 3784 1373 3869; baseline -0.001 -23"><span class='ocrx_word' id='word_1_262' title='bbox 220 3786 323 3865; x_wconf 87' lang='lat' dir='ltr'>tuique</span> <span class='ocrx_word' id='word_1_263' title='bbox 343 3786 436 3865; x_wconf 83' lang='lat' dir='ltr'>Regni</span> <span class='ocrx_word' id='word_1_264' title='bbox 458 3784 598 3847; x_wconf 79' lang='lat' dir='ltr'>felicitate</span> <span class='ocrx_word' id='word_1_265' title='bbox 618 3787 740 3866; x_wconf 86' lang='lat' dir='ltr'>gratias,</span> <span class='ocrx_word' id='word_1_266' title='bbox 765 3788 965 3869; x_wconf 89' lang='lat' dir='ltr'>eumdemque</span> <span class='ocrx_word' id='word_1_267' title='bbox 986 3788 1078 3850; x_wconf 84' lang='lat' dir='ltr'>etiem</span> <span class='ocrx_word' id='word_1_268' title='bbox 1107 3786 1192 3847; x_wconf 90' lang='lat' dir='ltr'>enixe</span> <span class='ocrx_word' id='word_1_269' title='bbox 1212 3802 1373 3865; x_wconf 89' lang='lat' dir='ltr'>precemur</span> 
     </span>
     <span class='ocr_line' id='line_1_34' title="bbox 220 3881 1373 3966; baseline -0.002 -22"><span class='ocrx_word' id='word_1_270' title='bbox 220 3890 380 3964; x_wconf 88' lang='lat' dir='ltr'>perpetuas</span> <span class='ocrx_word' id='word_1_271' title='bbox 399 3901 464 3944; x_wconf 84' lang='lat' dir='ltr'>esse</span> <span class='ocrx_word' id='word_1_272' title='bbox 485 3883 555 3944; x_wconf 84' lang='lat' dir='ltr'>velit</span> <span class='ocrx_word' id='word_1_273' title='bbox 572 3884 743 3962; x_wconf 72' lang='lat' dir='ltr'>hujusmdi</span> <span class='ocrx_word' id='word_1_274' title='bbox 765 3885 818 3947; x_wconf 91' lang='lat' dir='ltr'>tibi</span> <span class='ocrx_word' id='word_1_275' title='bbox 837 3885 989 3966; x_wconf 87' lang='lat' dir='ltr'>Nobisque</span> <span class='ocrx_word' id='word_1_276' title='bbox 1001 3883 1120 3948; x_wconf 80' lang='lat' dir='ltr'>letandi</span> <span class='ocrx_word' id='word_1_277' title='bbox 1138 3900 1255 3945; x_wconf 86' lang='lat' dir='ltr'>causas.</span> <span class='ocrx_word' id='word_1_278' title='bbox 1277 3881 1373 3961; x_wconf 84' lang='lat' dir='ltr'>Cupi-</span> 
     </span>
     <span class='ocr_line' id='line_1_35' title="bbox 220 3980 1372 4063; baseline -0.003 -19"><span class='ocrx_word' id='word_1_279' title='bbox 220 4001 289 4044; x_wconf 90' lang='lat' dir='ltr'>mus</span> <span class='ocrx_word' id='word_1_280' title='bbox 302 3980 425 4062; x_wconf 86' lang='lat' dir='ltr'>quidem</span> <span class='ocrx_word' id='word_1_281' title='bbox 445 3981 518 4057; x_wconf 91' lang='lat' dir='ltr'>Nos,</span> <span class='ocrx_word' id='word_1_282' title='bbox 534 3981 691 4044; x_wconf 86' lang='lat' dir='ltr'>Carissime</span> <span class='ocrx_word' id='word_1_283' title='bbox 711 3984 742 4044; x_wconf 90' lang='lat' dir='ltr'>in</span> <span class='ocrx_word' id='word_1_284' title='bbox 754 3984 871 4046; x_wconf 83' lang='lat' dir='ltr'>Christo</span> <span class='ocrx_word' id='word_1_285' title='bbox 886 3984 927 4046; x_wconf 85' lang='lat' dir='ltr'>lili</span> <span class='ocrx_word' id='word_1_286' title='bbox 949 3992 1062 4060; x_wconf 88' lang='lat' dir='ltr'>noster,</span> <span class='ocrx_word' id='word_1_287' title='bbox 1077 3983 1166 4063; x_wconf 87' lang='lat' dir='ltr'>idque</span> <span class='ocrx_word' id='word_1_288' title='bbox 1179 3980 1372 4042; x_wconf 88' lang='lat' dir='ltr'>vehementer</span> 
     </span>
     <span class='ocr_line' id='line_1_36' title="bbox 220 4077 1373 4162; baseline -0.006 -19"><span class='ocrx_word' id='word_1_289' title='bbox 220 4081 361 4161; x_wconf 87' lang='lat' dir='ltr'>petimus,</span> <span class='ocrx_word' id='word_1_290' title='bbox 377 4087 411 4142; x_wconf 86' lang='lat' dir='ltr'>ut</span> <span class='ocrx_word' id='word_1_291' title='bbox 423 4079 486 4161; x_wconf 91' lang='lat' dir='ltr'>ipse</span> <span class='ocrx_word' id='word_1_292' title='bbox 499 4079 661 4141; x_wconf 77' lang='lat' dir='ltr'>celestium</span> <span class='ocrx_word' id='word_1_293' title='bbox 680 4080 926 4142; x_wconf 87' lang='lat' dir='ltr'>Benediclienum</span> <span class='ocrx_word' id='word_1_294' title='bbox 940 4081 1060 4162; x_wconf 86' lang='lat' dir='ltr'>copiam</span> <span class='ocrx_word' id='word_1_295' title='bbox 1073 4096 1164 4160; x_wconf 87' lang='lat' dir='ltr'>super</span> <span class='ocrx_word' id='word_1_296' title='bbox 1174 4077 1271 4158; x_wconf 83' lang='lat' dir='ltr'>regios</span> <span class='ocrx_word' id='word_1_297' title='bbox 1280 4092 1373 4156; x_wconf 88' lang='lat' dir='ltr'>spon-</span> 
     </span>
     <span class='ocr_line' id='line_1_37' title="bbox 221 4171 1372 4259; baseline -0.004 -22"><span class='ocrx_word' id='word_1_298' title='bbox 221 4196 271 4238; x_wconf 86' lang='lat' dir='ltr'>sos</span> <span class='ocrx_word' id='word_1_299' title='bbox 282 4176 428 4256; x_wconf 85' lang='lat' dir='ltr'>elinndat,</span> <span class='ocrx_word' id='word_1_300' title='bbox 440 4175 731 4259; x_wconf 82' lang='lat' dir='ltr'>atqueeopreeipue</span> <span class='ocrx_word' id='word_1_301' title='bbox 742 4178 930 4255; x_wconf 82' lang='lat' dir='ltr'>llejestetem</span> <span class='ocrx_word' id='word_1_302' title='bbox 942 4181 1038 4240; x_wconf 86' lang='lat' dir='ltr'>Tuam</span> <span class='ocrx_word' id='word_1_303' title='bbox 1049 4177 1260 4239; x_wconf 78' lang='lat' dir='ltr'>bonitatissuas</span> <span class='ocrx_word' id='word_1_304' title='bbox 1269 4171 1372 4233; x_wconf 82' lang='lat' dir='ltr'>fructu</span> 
     </span>
     <span class='ocr_line' id='line_1_38' title="bbox 221 4267 1374 4357; baseline -0.004 -22"><span class='ocrx_word' id='word_1_305' title='bbox 221 4277 369 4353; x_wconf 88' lang='lat' dir='ltr'>cumulet,</span> <span class='ocrx_word' id='word_1_306' title='bbox 387 4284 420 4338; x_wconf 84' lang='lat' dir='ltr'>ut</span> <span class='ocrx_word' id='word_1_307' title='bbox 433 4294 499 4357; x_wconf 82' lang='lat' dir='ltr'>quar</span> <span class='ocrx_word' id='word_1_308' title='bbox 514 4275 632 4357; x_wconf 89' lang='lat' dir='ltr'>prima,</span> <span class='ocrx_word' id='word_1_309' title='bbox 657 4281 688 4337; x_wconf 89' lang='lat' dir='ltr'>el</span> <span class='ocrx_word' id='word_1_310' title='bbox 705 4274 862 4354; x_wconf 86' lang='lat' dir='ltr'>potissime</span> <span class='ocrx_word' id='word_1_311' title='bbox 879 4281 966 4353; x_wconf 89' lang='lat' dir='ltr'>sunt,</span> <span class='ocrx_word' id='word_1_312' title='bbox 985 4294 1021 4336; x_wconf 90' lang='lat' dir='ltr'>ec</span> <span class='ocrx_word' id='word_1_313' title='bbox 1040 4291 1195 4354; x_wconf 85' lang='lat' dir='ltr'>nunqnam</span> <span class='ocrx_word' id='word_1_314' title='bbox 1214 4267 1374 4333; x_wconf 88' lang='lat' dir='ltr'>interitura</span> 
     </span>
     <span class='ocr_line' id='line_1_39' title="bbox 221 4371 1374 4451; baseline -0.003 -19"><span class='ocrx_word' id='word_1_315' title='bbox 221 4372 316 4448; x_wconf 89' lang='lat' dir='ltr'>bona,</span> <span class='ocrx_word' id='word_1_316' title='bbox 331 4375 436 4435; x_wconf 89' lang='lat' dir='ltr'>eadem</span> <span class='ocrx_word' id='word_1_317' title='bbox 450 4375 504 4436; x_wconf 89' lang='lat' dir='ltr'>tibi</span> <span class='ocrx_word' id='word_1_318' title='bbox 517 4376 680 4450; x_wconf 84' lang='lat' dir='ltr'>uberrime,</span> <span class='ocrx_word' id='word_1_319' title='bbox 697 4390 733 4432; x_wconf 91' lang='lat' dir='ltr'>ae</span> <span class='ocrx_word' id='word_1_320' title='bbox 749 4371 980 4451; x_wconf 87' lang='lat' dir='ltr'>locupletissime</span> <span class='ocrx_word' id='word_1_321' title='bbox 993 4389 1064 4433; x_wconf 91' lang='lat' dir='ltr'>cum</span> <span class='ocrx_word' id='word_1_322' title='bbox 1085 4378 1254 4433; x_wconf 85' lang='lat' dir='ltr'>oeteromm</span> <span class='ocrx_word' id='word_1_323' title='bbox 1267 4383 1374 4429; x_wconf 68' lang='lat' dir='ltr'>secm-</span> 
     </span>
     <span class='ocr_line' id='line_1_40' title="bbox 222 4466 1374 4550; baseline -0.004 -19"><span class='ocrx_word' id='word_1_324' title='bbox 222 4471 304 4537; x_wconf 84' lang='lat' dir='ltr'>sione</span> <span class='ocrx_word' id='word_1_325' title='bbox 319 4471 470 4550; x_wconf 83' lang='lat' dir='ltr'>largiatur.</span> <span class='ocrx_word' id='word_1_326' title='bbox 491 4474 556 4534; x_wconf 89' lang='lat' dir='ltr'>lloc</span> <span class='ocrx_word' id='word_1_327' title='bbox 585 4469 674 4533; x_wconf 86' lang='lat' dir='ltr'>animi</span> <span class='ocrx_word' id='word_1_328' title='bbox 695 4471 789 4532; x_wconf 86' lang='lat' dir='ltr'>nostri</span> <span class='ocrx_word' id='word_1_329' title='bbox 808 4488 895 4532; x_wconf 89' lang='lat' dir='ltr'>sensu</span> <span class='ocrx_word' id='word_1_330' title='bbox 916 4469 1095 4531; x_wconf 88' lang='lat' dir='ltr'>luculentius</span> <span class='ocrx_word' id='word_1_331' title='bbox 1116 4475 1247 4549; x_wconf 75' lang='lat' dir='ltr'>paterne</span> <span class='ocrx_word' id='word_1_332' title='bbox 1266 4466 1374 4545; x_wconf 86' lang='lat' dir='ltr'>singu-</span> 
     </span>
    </p>
   </div>
   <div class='ocr_carea' id='block_1_9' title="bbox 0 0 1602 5354">
    <p class='ocr_par' dir='ltr' id='par_1_10' title="bbox 0 0 1602 5354">
     <span class='ocr_line' id='line_1_41' title="bbox 0 0 1602 5354; baseline 0 0"><span class='ocrx_word' id='word_1_333' title='bbox 0 0 1602 5354; x_wconf 95' lang='lat' dir='ltr'> </span> 
     </span>
    </p>
   </div>
  </div>
 </body>
</html>
