3194 5354
318 464 366 514 111
746 457 947 512 CLEblENTlS
964 459 1029 512 xlv

315 562 487 645 persuadet.
507 566 573 635 ero
590 560 678 639 igitur
696 561 830 639 ejusdem
848 562 939 623 animi
956 562 998 623 tui
1013 560 1222 623 clementinae
1240 561 1419 640 magnitudo
1433 569 1464 622 te

316 663 485 739 induxerit,
501 661 574 722 illud
585 667 685 737 certe,
706 669 736 722 et
748 662 785 723 ad
804 661 1012 723 continuanda
1023 662 1061 721 de
1075 667 1127 721 tua
1136 660 1248 741 pietate
1260 663 1399 721 omnium
1406 662 1460 740 jn-

315 765 414 840 dicia,
431 769 462 822 et
476 761 514 822 ad
529 767 613 821 tuam
627 760 795 838 augendam
809 759 936 838 gloriam
949 758 1114 840 plurimum
1128 757 1250 819 valebit.
1265 758 1370 837 Neque
1382 758 1463 820 enim

318 861 485 942 quidquam
498 864 596 942 potest
610 875 676 919 esse
687 857 851 936 gloriosum
868 856 981 936 magis,
997 874 1033 918 ac
1049 855 1183 935 regum,
1198 873 1292 936 quam
1305 855 1463 929 miseram,

314 978 351 1021 ac
360 977 438 1039 pene
450 956 593 1018 afflictam
601 955 829 1035 Rempublicam
839 974 893 1016 sua
902 961 1047 1037 presente
1057 952 1333 1035 ope,praesidioque
1344 951 1464 1028 fulcire,

315 1076 350 1118 ac
372 1055 536 1116 sustollere.
552 1052 645 1114 Nobis
656 1059 737 1114 certe
748 1052 779 1113 id
792 1051 997 1133 gratissimum
1010 1051 1126 1128 sceris,
1141 1057 1310 1131 nostraeque
1328 1049 1366 1112 de
1379 1058 1410 1112 te
1423 1051 1464 1110 ti-

314 1152 412 1214 duciae
425 1148 608 1231 respondens
622 1149 738 1228 paterni
752 1148 842 1210 animi
860 1149 976 1209 caritati
991 1147 1103 1209 mimm
1121 1147 1151 1208 in
1172 1147 1295 1209 modum
1309 1147 1464 1209 obsecun-

316 1249 445 1311 daveris.
460 1251 538 1308 lium
551 1245 581 1307 id
590 1245 683 1307 Nobis
696 1246 873 1326 pollicemur
884 1245 987 1306 omnia
1000 1244 1099 1305 inusta
1113 1244 1184 1321 tibi,
1203 1262 1239 1305 ac
1254 1242 1350 1305 felicia
1364 1263 1383 1305 a
1398 1246 1463 1304 Deo

315 1347 436 1427 Optimo
452 1345 585 1408 Maximo
595 1350 767 1426 precantes,
780 1343 977 1424 apostolicam
990 1342 1229 1405 benedictionem
1245 1343 1464 1421 1111111111-

314 1447 392 1508 sime
413 1446 443 1508 in
461 1444 578 1507 (11111111
591 1443 633 1505 fili
649 1449 762 1518 noster,
778 1441 908 1520 'suisque
923 1439 1036 1501 Liberis
1045 1486 1053 1517 ,
1068 1459 1105 1501 ac
1123 1441 1269 1503 universae
1280 1440 1390 1503 Domm
1411 1440 1465 1501 in-

314 1540 389 1602 timo
401 1541 518 1621 paterni
527 1535 1140 1616 cordissensuamantissimeimpertimur.
1149 1538 1260 1598 Datum
1269 1538 1462 1610 Retracto„

320 1640 370 1700 dic
385 1651 422 1700 ²0
429 1639 579 1717 februarii
596 1649 666 1700 1771
679 1682 687 1714 ,
696 1640 890 1716 pacificatus
908 1639 1008 1697 nostri
1023 1653 1102 1696 anno
1118 1636 1258 1696 secando.

810 1861 957 1957 cxxix.

569 2015 738 2059 camssruo
760 2016 795 2058 11
820 2015 957 2059 11111111
980 2014 1066 2057 mmo
1090 2015 1210 2058 uosruo

490 2120 642 2183 danem
661 2122 929 2185 HISPANIARUM
950 2122 1042 2183 REGI
1064 2123 1281 2185 CATHOLIOO

617 2243 853 2322 CLEMENS
882 2247 1010 2323 ΡΑΡΑ
1039 2247 1146 2325 XIV.

1042 2400 1141 2458 Rome,
1157 2406 1184 2447 at
1203 2397 1314 2449 februarii
1331 2400 1398 2449 1771.

354 2502 533 2573 Carissime,
549 2510 604 2563 etc.
618 2502 693 2562 Cum
707 2518 802 2582 nuper
816 2501 855 2563 ad
869 2503 929 2564 Nos
944 2505 1070 2566 allattrm
1091 2505 1230 2569 lueritde
1245 2514 1367 2582 amoto,
1379 2504 1461 2588 quod

316 2597 510 2674 imminebat,
534 2599 624 2674 belle,
639 2597 736 2677 deque
756 2616 832 2677 paee
846 2600 965 2680 egregio
986 2600 1150 2679 Maiestatis
1162 2604 1234 2663 'lue
1255 2601 1399 2678 musitio,
1416 2623 1461 2664 sa-

312 2694 554 2776 pientissimaque
568 2713 660 2774 opera
674 2692 798 2755 feliciter
811 2696 1005 2774 confirmata,
1019 2697 1223 2761 incredibilem
1234 2717 1317 2776 sane,
1328 2705 1358 2760 et
1368 2718 1462 2781 qnam

312 2792 411 2854 verbis
424 2792 540 2873 assequi
553 2791 599 2852 vix
616 2808 794 2872 possumus,
807 2791 908 2854 animo
929 2802 1034 2857 nostro
1051 2795 1237 2877 voluptatem
1257 2796 1459 2879 percepimus.

311 2889 571 2966 Quemadmodum
588 2889 669 2950 enim
686 2890 782 2950 Deum
791 2907 856 2952 esse
864 2890 948 2972 pacis
958 2891 1130 2972 largitorem
1144 2893 1310 2971 eredimus,
1326 2895 1461 2977 nihilque

310 3010 347 3054 eo
361 3010 487 3054 munere
508 2989 610 3052 utilius
631 3008 667 3050 ac
680 2989 869 3071 prestantius
888 2992 918 3053 in
938 2992 996 3055 hac
1014 2993 1075 3055 vita
1086 2993 1259 3056 hominibus
1275 2995 1313 3056 ab
1331 2995 1383 3057 illo
1395 2995 1462 3058 dari

312 3091 510 3166 arbitramur,
525 3089 567 3150 ita
576 3088 664 3150 simul
679 3105 716 3149 ao
731 3087 847 3149 turbari
861 3107 926 3164 res,
942 3108 978 3151 ac
990 3090 1028 3151 ad
1038 3090 1153 3154 bellum
1164 3098 1300 3174 spectare
1312 3092 1460 3173 eognovi-

311 3208 390 3266 mus,
401 3188 439 3250 ad
451 3186 591 3249 eumdem
601 3202 707 3265 preces
718 3190 837 3246 nostras
845 3187 997 3267 extemplo
1007 3195 1180 3249 convertere
1193 3187 1352 3265 voluimus,
1363 3196 1459 3271 utque

310 3283 483 3362 hujusmodi
504 3283 707 3345 calamitatem
728 3282 878 3362 apopnlis
891 3290 1058 3362 1111111111,
1081 3293 1171 3366 teque
1187 3292 1309 3349 auctare
1325 3303 1456 3349 111111-

310 3380 394 3441 diam
414 3377 558 3454 stabiliri,
581 3395 618 3438 ae
630 3377 745 3438 firmari
762 3379 862 3456 vellet,
883 3380 1044 3462 implorare
1057 3399 1212 3463 nunquam
1231 3381 1457 3447 bitermisimus.

311 3478 389 3539 Vota
400 3473 503 3538 isthec
511 3479 615 3535 nostra
625 3472 708 3535 luere
720 3474 843 3539 tandem
852 3483 988 3560 excepta,
1002 3478 1155 3563 nostrique
1167 3482 1297 3561 gemitus
1310 3501 1328 3544 a
1339 3481 1461 3545 miseri-

311 3575 483 3639 cordiarum
495 3575 584 3636 Patre
595 3571 739 3636 exauditi.
752 3576 861 3656 Regnis
872 3577 1028 3658 pristinam
1041 3578 1287 3660 tranquillitatem
1298 3576 1459 3659 redditam,

309 3692 488 3757 summoque
501 3681 607 3737 nostro
617 3672 728 3754 gaudio
747 3675 843 3756 Regia
853 3676 1017 3754 Maiestatis
1028 3678 1101 3738 ‘lue
1114 3676 1240 3756 gloriam
1253 3675 1322 3739 inde
1334 3677 1461 3741 mirifice

310 3772 526 3851 amplificatam
539 3770 686 3833 videmus.
712 3773 834 3852 ltaque,
850 3778 884 3833 ut
899 3775 960 3834 Deo
978 3773 1099 3852 Optimo
1121 3773 1254 3836 Maximo
1273 3773 1461 3837 immortales

309 3869 421 3931 idcirco
435 3870 545 3949 gratias
558 3888 724 3949 ageremus,
740 3871 842 3933 statim
854 3871 916 3932 Nos
933 3869 970 3932 ad
984 3871 1131 3953 templum
1143 3872 1320 3934 Sanctorum
1335 3870 1461 3935 Duode-

309 3967 369 4029 cim
380 3967 597 4047 Apostolorum
608 3968 800 4046 eontulimus,
813 3968 914 4049 ibique
924 3969 1120 4051 Seraphicum
1134 3971 1295 4033 Parentem
1306 3976 1459 4050 nostmm,

308 4067 393 4145 cujus
408 4063 576 4146 patrocinio
587 4066 717 4129 maxime
730 4068 864 4144 nitimur,
881 4071 1008 4131 Beatum
1022 4069 1230 4146 Franciscum,
1240 4086 1331 4151 quem
1347 4087 1461 4132 exora-

308 4170 405 4226 torem
414 4163 444 4227 iu
454 4161 620 4245 expetendo
631 4163 777 4227 beneficio
788 4164 1037 4244 adhibuerimus,
1049 4167 1079 4231 in
1093 4166 1245 4229 reddenda
1258 4165 1348 4229 etiam
1357 4167 1461 4246 gratia
1564 4243 1571 4257 ,

309 4261 476 4340 adjutorem
492 4263 603 4327 babere
614 4263 794 4326 studuimus.
806 4265 868 4325 Hos
877 4264 948 4340 tibi,
961 4265 1113 4327 carissime
1123 4265 1154 4326 11
1163 4265 1280 4327 Cluisto
1288 4261 1329 4325 nti
1340 4270 1466 4343 noster,

308 4359 424 4437 paterni
438 4361 527 4423 animi
541 4380 666 4440 sensus,
679 4367 769 4440 atque
783 4359 862 4421 hane
879 4361 971 4424 Nobis
983 4380 1001 4422 a
1015 4367 1045 4423 te
1055 4361 1223 4443 proiectam
1235 4358 1458 4443 jucunditatem

308 4454 349 4517 ita
368 4459 649 4536 communicamus,
663 4465 696 4520 ut
719 4475 779 4519 una
801 4459 947 4536 Maiestati
963 4461 1051 4537 Tuae,
1075 4465 1163 4540 atque
1184 4459 1260 4522 adeo
1273 4458 1367 4522 Nobis
1384 4458 1459 4540 ipsis
