3194 5354
356 438 369 464 ἱ
475 490 656 545 EPlSTOLAE
671 490 721 545 ΕΤ
740 491 874 547 abavia·
892 494 1127 551 sumbone.
1325 501 1377 556 tta

226 594 345 671 decore,
358 611 393 655 ac
404 591 554 673 dignitate·
564 597 727 674 conjuncta
739 597 871 661 devotio.
887 600 953 662 lloo
964 600 1083 663 virtutis
1094 607 1126 663 et
1139 601 1260 684 pietatis
1271 621 1374 666 exem.-

226 692 311 771 plum
325 689 535 752 transmissum
555 683 669 754 ad‘vos‘
678 699 836 774 tamquam
851 697 1144 776 persucoessionarn
1160 716 1225 762 esse
1243 718 1281 769 ,ac
1294 718 1374 765 nune

226 789 357 850 maxime
366 787 401 850 iu
416 788 504 850 vobis
515 788 616 868 vigere
629 790 770 870 praeclare
782 792 921 854 novimus
927 833 940 871 ,‚
947 793 1048 856 dilecti
1060 794 1126 873 filii,
1139 801 1170 856 at
1182 814 1374 878 summopere

226 886 373 971 letamur.
387 888 493 948 'lanto
502 887 604 967 itaque
615 890 809 970 propensiore
823 891 926 955 animo
940 893 1107 975 excipimus
1118 911 1221 975 preces
1243 901 1373 973 vestras,

224 1001 301 1064 quas
323 983 503 1066 exposuistis
524 983 617 1046 Nobis
639 1003 694 1066 per
706 986 850 1051 dilectum
870 989 966 1053 fllium
989 991 1155 1074 losephum
1174 992 1372 1073 Garampiuna
1444 1000 1446 1005 ’

224 1080 364 1142 intimum
388 1086 526 1143 nonnum
554 1079 796 1163 cubicularium,
820 1104 857 1147 ac
879 1086 1046 1150 in‘arcanis
1062 1087 1197 1170 epistolis
1219 1090 1331 1152 nostris
1355 1109 1375 1152 o

225 1176 367 1256 secretis,
394 1178 634 1240 amantissimum
658 1179 756 1243 civem
785 1189 941 1262 veebum,
964 1186 1051 1264 cujus
1088 1185 1311 1267 perhonorifice
1336 1186 1375 1254 de

225 1274 310 1337 robis
322 1281 364 1337 'el
373 1275 548 1352 testimonio
560 1283 592 1338 et
602 1276 702 1338 studio
716 1279 881 1360 plurimum
889 1281 1069 1360 tribuimus,
1082 1282 1237 1346 utscilicet
1251 1282 1373 1364 aliquod

227 1371 368 1434 daremus
377 1378 490 1436 nostre
501 1372 533 1433 in
547 1391 601 1435 vos
612 1372 778 1437 clementia
794 1382 825 1438 et
837 1378 974 1440 caritatis
984 1379 1109 1460 pignus,
1121 1379 1205 1461 quod
1215 1379 1375 1443 arbitrare-

224 1471 293 1529 mur
313 1469 406 1530 -vobis
418 1469 608 1549 posterisque
620 1469 745 1548 nestris,
767 1477 992 1536 ntomamenta
1011 1474 1205 1552 adlaudem,
1225 1474 1268 1536 ita
1279 1475 1375 1538 etiarn

227 1566 454 1647 ampliori·iore
475 1565 514 1628 ad
537 1565 684 1647 pietatem
712 1585 748 1629 ac
778 1568 921 1631 virtutem
945 1568 1153 1637 incitamento.
1170 1571 1374 1653 ‚Quapropter

224 1671 343 1727 mature
357 1665 514 1746 perpensis
524 1663 632 1727 vestris
651 1664 812 1746 postulatis
823 1664 911 1728 facile
925 1668 986 1728 Nos
999 1667 1031 1730 in
1047 1685 1115 1733 aaut
1129 1666 1374 1739 deliberationem

228 1749 364 1824 venimus
372 1776 381 1839 ,
404 1768 437 1823 ut
452 1761 549 1842 magis
564 1762 675 1823 nostris
686 1764 717 1823 in
730 1762 894 1842 collegium
905 1763 1175 1842 vestrumstudiis,
1189 1782 1283 1845 quam
1291 1764 1374 1839 desi-

224 1858 314 1921 deriis
329 1859 435 1921 vestris
454 1859 703 1939 obsequeremur,
727 1878 823 1940 eaque
837 1878 907 1939 erga
932 1879 986 1924 vos
1008 1861 1187 1926 liberalitate
1209 1867 1373 1940 umremur,

223 1974 291 2035 quae
314 1956 469 2018 modestis
483 1963 564 2018 certe
582 1963 688 2018 vestre
702 1957 777 2019 tines
799 1977 836 2020 ac
855 1958 982 2021 sortasse
1001 1959 1095 2022 etiam
1107 1964 1179 2023 vota
1191 1959 1375 2038 expectatio-

224 2038 357 2130 nemque
376 2044 507 2113 vestrsm
524 2059 695 2133 trangressa
706 2055 867 2119 videretur.
882 2058 944 2120 Nos
956 2057 1047 2137 igitur
1058 2074 1111 2119 vos
1120 2055 1258 2135 specialis
1272 2055 1375 2132 lavore

222 2148 326 2229 gratias
347 2149 487 2232 prosequi
508 2150 660 2230 volentes,
688 2159 719 2215 et
741 2173 759 2215 a
782 2155 936 2234 quibusvis
962 2151 1280 2217 excommnuicationis
1305 2171 1374 2225 sus·

223 2247 376 2325 pensionis
395 2254 426 2308 et
439 2246 608 2323 interdicti,
625 2247 751 2328 aliisque
766 2247 976 2312 ecclesiasticis
999 2247 1172 2322 sententiis,
1183 2244 1326 2324 ,causaris
1343 2253 1376 2308 et

223 2344 319 2423 poenis
331 2361 350 2405 a
363 2345 432 2422 jure
445 2343 492 2405 vel
503 2343 791 2425 abhominequavis
809 2347 968 2409 occasione
986 2346 1033 2423 rel
1046 2363 1139 2420 causa
1159 2343 1245 2421 latis,
1260 2344 1286 2406 si
1303 2343 1374 2424 qui·

224 2441 281 2501 bus
287 2440 516 2521 quomodolibet
527 2440 661 2503 innodati
670 2441 809 2520 existitis,
820 2442 857 2504 ad
870 2440 1208 2523 aliactumpraesentium
1217 2441 1376 2519 dumtaxat

222 2538 468 2618 consequendum
482 2538 592 2600 harum
611 2540 686 2602 serie
704 2540 893 2605 absolventes
903 2546 935 2603 et
945 2540 1100 2604 absolutos
1114 2537 1373 2620 toreycensentes,

224 2636 330 2696 restris
344 2636 613 2716 supplicationibus
626 2636 775 2710 inclinati,
788 2644 875 2700 motu
887 2637 1028 2719 proprio,
1042 2642 1073 2698 et
1087 2654 1124 2696 ex
1138 2640 1222 2710 carta
1236 2635 1373 2713 scientia,
1417 2674 1419 2679 -

223 2751 258 2794 ιο
272 2742 392 2796 matura
406 2734 619 2797 deliberatione
634 2734 734 2812 vobis,
748 2735 851 2798 dilecti
868 2735 939 2811 tilii,
954 2733 1117 2815 Prepesito
1129 2777 1139 2810 ,
1153 2732 1374 2809 Arcbidiacono

222 2836 253 2890 et
265 2831 417 2910 Capitale,
432 2831 598 2911 vestrisque
612 2832 836 2907 successoribus
846 2876 855 2906 ,
867 2837 901 2892 ut
913 2832 945 2892 in
959 2832 1065 2898 debus
1078 2829 1160 2912 sestis
1169 2828 1247 2893 inira
1261 2849 1374 2905 annuns

223 2926 467 3005 sollennioribus,
488 2945 599 3009 nempe
616 2929 647 2990 in
661 2928 821 2990 Nativitata
836 2928 973 3004 Domini,
993 2928 1024 2990 in
1045 2926 1201 2997 Dominica
1215 2927 1373 2999 Resurre-

223 3022 312 3085 tionis
326 3042 362 3085 ac
375 3025 569 3085 Pentecostes
588 3041 658 3084 cum
673 3023 793 3084 duobus
809 3023 1003 3102 sequentibus
1016 3020 1180 3101 respective
1200 3019 1321 3098 diebus,
1341 3021 1373 3084 in

222 3120 305 3181 iestis
322 3121 582 3197 circumcisionis,
604 3120 795 3200 Epiphaniae,
815 3118 1023 3195 Ascensionis,
1039 3125 1072 3179 et
1090 3115 1229 3196 Corporis
1254 3117 1373 3181 Domini

221 3216 321 3277 Nostri
340 3219 414 3278 lesu
438 3216 562 3293 cbristi3
582 3216 614 3278 in
636 3216 710 3278 teria
734 3215 841 3296 quinta
859 3216 954 3278 coenae
974 3212 1112 3291 Domitii,
1134 3212 1220 3289 Faria
1240 3214 1372 3292 sextain

223 3315 388 3377 Parascere
401 3321 432 3374 et
447 3313 579 3375 Sabbata
592 3315 702 3374 Sancto
710 3337 719 3390 ;
735 3313 891 3376 Dominica
905 3312 936 3375 in
949 3312 1051 3389 Albis,
1065 3317 1096 3373 et
1110 3309 1265 3385 Dominica
1276 3312 1373 3390 Sanc-

222 3413 343 3475 tissimae
363 3411 536 3488 llinitatis,
557 3411 590 3472 in
609 3409 831 3474 Festivitatibus
851 3407 1079 3489 conceptionis,
1093 3405 1283 3487 Natiuitatis,
1305 3410 1372 3471 An-

222 3510 440 3585 nnnciationis,
459 3507 680 3571 Purificationis
699 3515 730 3571 et
750 3506 1083 3590 assumptionissseatae
1104 3505 1204 3568 Maria
1217 3507 1370 3587 Virginis,

223 3610 359 3671 omnium
372 3610 563 3685 Sanctorum,
577 3606 747 3669 Nativitatis
762 3606 864 3669 Sancti
874 3605 999 3669 loannis
1016 3602 1175 3684 baptiste,
1191 3602 1372 3667 Sanctorum

223 3706 301 3765 Petri
326 3711 358 3767 et
379 3704 481 3781 Pauli,
507 3703 609 3765 Sancti
631 3703 789 3766 Gaudentii
813 3702 953 3785 Episcopi
977 3708 1009 3763 at
1030 3701 1175 3781 Martyris,
1199 3706 1229 3764 et
1253 3700 1372 3781 Sanctae

223 3801 374 3863 colomba
386 3801 516 3881 Virginis
530 3808 562 3863 et
574 3801 730 3882 Martyris;
745 3801 777 3864 in
797 3801 846 3863 die
863 3798 1066 3864 anniversario
1083 3797 1284 3879 Dedicatinnis
1301 3817 1370 3861 ves-

222 3907 278 3960 trae
291 3900 470 3963 cathedralis
490 3900 644 3978 ecclesia,
660 3920 697 3962 ac
717 3900 750 3962 in
762 3896 1055 3973 Commemoratione
1075 3896 1211 3961 omnium
1225 3894 1371 3959 fidelium

225 3997 452 4075 detunctorum3
464 3998 634 4070 dummodo
650 3998 757 4060 iisdem
770 3997 877 4060 diebus
888 3996 1047 4077 episcopus
1063 3995 1237 4068 solemniter
1254 4000 1285 4057 et
1295 4011 1369 4073 pon-

223 4093 383 4155 tificialiter
394 4094 539 4172 celebret5
552 4096 639 4157 sicuti
653 4095 747 4158 etiam
757 4096 822 4159 aliis
832 4095 939 4159 diebus
948 4095 979 4157 in
992 4093 1102 4175 quibus
1117 4093 1276 4173 episcopus
1287 4108 1370 4170 eque

224 4190 396 4252 solemniter
408 4198 440 4252 et
453 4193 674 4273 pontificialiter
686 4193 837 4256 celebrare
853 4192 1022 4255 volucritat
1037 4190 1176 4253 Ganomci
1196 4189 1284 4266 juxta
1297 4206 1370 4267 prae

225 4287 596 4367 scriptumcaeremonialis
605 4292 908 4372 episcoporumsaera
915 4295 1092 4371 paramenta
1102 4302 1254 4347 assumere
1263 4283 1370 4348 debea-

225 4381 263 4442 tis
271 4411 281 4457 1,
294 4383 402 4463 singuli
416 4391 548 4447 vestrum
559 4388 709 4467 vestrique
719 4406 906 4449 successores
918 4387 948 4446 in
963 4382 1101 4463 vesperis
1112 4388 1143 4442 ct
1156 4380 1253 4444 Missis
1262 4382 1369 4444 solem·

224 4479 302 4553 niter
310 4480 514 4560 decennalis,
525 4503 579 4545 nac
592 4485 688 4545 nonin
702 4484 951 4563 processionibus.
967 4500 1019 4542 seu
1032 4479 1095 4542 aliis
1101 4479 1273 4557 hujusmodi
1286 4479 1370 4541 lunc·
