3194 5354
230 475 283 523 lut
658 468 865 523 CLEMENTIS
884 469 947 524 xlv

227 592 292 653 que
314 592 331 633 a
353 578 382 633 te
399 571 491 633 Nobis
508 576 647 633 accurate
666 572 849 650 referuntur,
868 574 1046 654 perlibenter
1065 573 1280 636 intelleximus.
1304 574 1378 635 lllud

224 670 288 745 jam
300 668 353 728 tibi
365 667 462 748 magis
471 666 625 746 magisque
636 687 814 747 persuasum
825 672 1038 733 essevolumus
1047 670 1121 732 nibil
1130 678 1197 733 tam
1206 670 1305 733 Nobis
1315 690 1379 733 esse

226 763 319 842 cordi,
329 784 422 845 quam
429 763 651 826 Gallicanarum
663 767 841 830 Missionum
854 769 884 829 in
894 769 985 831 indiis
995 769 1195 832 Orientalibus
1205 768 1380 831 incremen-

226 870 302 937 tum,
311 861 389 923 unde
395 860 553 940 religionis,
562 860 731 923 animarum
741 862 1144 945 salutis,aeproindedivina
1151 861 1379 943 gloriaelructus

224 959 332 1020 existat
345 959 523 1022 uberrimus.
537 960 697 1039 Propterea
715 980 840 1042 operam
849 978 983 1038 omnem,
995 969 1145 1041 quantum
1159 960 1190 1021 in
1206 959 1302 1021 Nobis
1315 969 1378 1036 est,

224 1072 343 1134 semper
363 1056 401 1118 ad
419 1055 552 1135 ejusdem
564 1056 714 1118 llissionis
728 1058 872 1120 tuendam
884 1056 1189 1139 arnplilicandamque
1202 1075 1271 1119 rem
1280 1075 1379 1120 nava-

225 1151 336 1213 bimus.
355 1154 430 1214 Cum
452 1154 533 1214 hunc
555 1153 585 1215 in
600 1153 727 1216 modum
746 1154 875 1216 breviter
896 1155 949 1216 tibi
973 1161 1111 1216 nostrum
1124 1153 1164 1215 de
1178 1153 1320 1216 universa
1344 1174 1377 1215 re

224 1246 361 1309 animum
367 1248 612 1327 declarassemus,
620 1249 658 1312 de
665 1251 789 1328 caeteris,
799 1270 867 1331 qua
875 1253 1063 1333 peculiariter
1071 1251 1290 1334 hucspectant,
1303 1252 1378 1333 quid

226 1361 284 1405 nos
296 1345 471 1425 sentiamus,
483 1365 520 1409 ex
531 1347 640 1409 dilecto
653 1347 715 1409 lilio
729 1347 881 1428 Stephano
894 1348 1003 1428 Borgia
1013 1362 1124 1411 nostre
1133 1350 1377 1431 congregationis

223 1441 264 1501 de
277 1441 473 1524 Propoganda
487 1443 558 1507 Fide
575 1446 736 1508 secretario
752 1446 908 1527 perspicue
927 1465 1102 1526 cognosces.
1120 1448 1167 1509 Ac
1186 1452 1222 1508 ut
1236 1446 1396 1526 singula-.

222 1552 290 1601 rem
304 1538 357 1600 tibi
374 1540 614 1604 benevolentiam
626 1549 762 1604 nostram
784 1541 965 1605 lucrdeutius
980 1542 1195 1604 confirmemus
1203 1587 1213 1621 ,
1227 1540 1377 1604 divinam·

220 1656 284 1719 que
297 1657 387 1719 opem
402 1640 441 1703 ad
454 1650 517 1704 tam
538 1643 605 1724 pios
615 1641 824 1722 provehendos
837 1649 964 1705 mustus
977 1641 1077 1705 adbuc
1089 1641 1187 1721 magis
1197 1639 1374 1718 eliciamus,

222 1737 419 1818 apostolicam
432 1739 673 1802 benedictionem
683 1739 872 1803 Fraternitati
886 1742 957 1801 Tuae
967 1746 1160 1821 peramanter
1168 1735 1374 1819 impertimur.

224 1838 338 1898 Datum
360 1840 470 1910 Rome,
489 1848 562 1917 etc,
577 1840 626 1901 die
648 1849 685 1899 29
697 1840 839 1915 januarii
859 1850 951 1915 tm,
962 1841 1158 1918 pontificatus
1170 1841 1265 1899 rostri
1287 1856 1374 1899 auno

224 1940 327 1997 tertio.

700 2036 881 2045 ———-

709 2149 868 2218 dlxxx.

632 2306 824 2348 insenuerat
849 2306 960 2348 enabat

417 2415 632 2476 rneonosro
651 2398 911 2474 carenacum
931 2412 1178 2473 lnurocflauo

532 2536 764 2612 CLEMENS
792 2538 918 2613 PAPA
948 2534 1055 2612 XIV.

978 2688 1090 2744 uomet
1105 2683 1220 2735 lebmaril
1235 2688 1304 2736 1772.

267 2794 457 2861 Venerabilis,
472 2800 529 2852 etc.
541 2795 648 2852 Parem
659 2808 723 2851 esse
732 2793 931 2872 expectationi
945 2793 983 2853 de
993 2792 1085 2853 Nobis
1096 2798 1199 2854 vestre
1210 2800 1370 2874 paternum

221 2900 359 2957 nostrum
378 2892 513 2954 animum
536 2911 608 2973 erga
631 2890 754 2952 dilectos
778 2889 854 2952 filios
878 2891 980 2952 Sancti
1003 2890 1166 2952 salvatoris
1185 2891 1370 2963 Monachus,

220 3010 297 3073 quos
306 2997 370 3054 tam
383 2990 469 3053 enixe
489 2989 699 3065 commendas,
720 2987 806 3049 facile
819 2988 873 3051 tibi
891 2988 1086 3071 persuadere,
1099 2987 1288 3051 Venerebssis
1301 2990 1372 3051 Fra-

221 3097 278 3170 ter,
294 3097 392 3171 potes,
405 3106 476 3152 cum
489 3107 551 3151 non
568 3087 661 3168 ignoti
680 3086 773 3149 Nobis
786 3104 892 3149 eorum
905 3085 1024 3148 labores
1038 3085 1115 3162 sint,
1134 3103 1213 3167 quos
1230 3104 1287 3166 pro
1298 3084 1371 3147 Fide

220 3187 371 3249 Catholica
384 3186 539 3268 preteritis
561 3183 749 3266 temporibus
766 3184 974 3261 exantlarunt,
989 3190 1019 3245 et
1034 3183 1150 3245 fructus
1168 3182 1228 3261 illi,
1242 3202 1318 3264 quos
1330 3202 1369 3244 er

221 3282 278 3344 ista
292 3284 378 3344 vinea
391 3282 509 3344 Domini
521 3301 576 3343 sua
589 3300 692 3362 opere,
713 3279 829 3359 studio,
845 3300 881 3343 ac
894 3281 1052 3343 sedulitate
1065 3282 1185 3343 exculte
1198 3280 1367 3343 uberrimos

220 3379 397 3441 retulerunt.
415 3378 615 3439 Vehementer
628 3376 728 3457 itaque
741 3384 772 3438 et
793 3395 899 3438 eorum
917 3376 1061 3457 augustiis
1082 3394 1320 3455 commovemur,
1334 3388 1364 3439 et

220 3476 293 3539 nihil
306 3484 446 3559 optamus
459 3474 554 3555 magis
573 3494 666 3556 quarn
677 3481 710 3535 ut
722 3473 877 3537 sublevare
892 3473 1015 3536 eosdem
1030 3493 1088 3556 ope
1103 3482 1208 3538 nostra
1217 3472 1369 3557 prasidio

219 3594 277 3656 que
296 3572 457 3657 possimus,
478 3579 508 3634 et
532 3590 639 3634 eorum
657 3571 753 3632 zelum
766 3588 822 3650 pro
836 3569 1006 3632 animarum
1026 3571 1141 3647 salute,
1160 3577 1193 3633 et
1209 3568 1369 3633 Catholiooe

219 3670 367 3751 religionis
378 3669 579 3746 incrementis,
594 3667 648 3730 etsi
659 3687 713 3728 sua
726 3673 832 3746 sponte
845 3667 918 3728 satis
930 3667 1088 3730 incitatum
1101 3668 1198 3749 magis
1211 3668 1369 3750 magisque

219 3766 415 3830 inflammare.
438 3771 508 3830 Haec
526 3787 581 3830 nos
597 3765 758 3827 universim
775 3764 835 3826 luis
856 3765 1049 3827 rescribimus
1063 3766 1167 3842 literis,
1183 3766 1371 3828 Venerabilis

220 3866 342 3941 Frater,
358 3871 457 3926 cetera
470 3883 560 3940 vero,
573 3882 639 3944 quae
652 3863 712 3923 buc
723 3861 886 3942 pertinent,
904 3879 1029 3941 queque
1042 3869 1145 3922 nostra
1158 3860 1197 3924 sit
1209 3861 1248 3924 de
1261 3879 1296 3924 re
1309 3862 1371 3925 sin·

217 3962 313 4043 gulari
325 3962 482 4039 sententia,
493 3980 531 4023 ex
544 3961 653 4023 dilecto
665 3959 727 4022 lilio
738 3958 891 4040 Stephano
904 3959 1013 4039 Borgia
1027 3966 1136 4021 nostre
1154 3960 1371 4040 congregatio-

218 4061 264 4124 nis
280 4061 319 4123 de
338 4059 536 4140 Propoganda
548 4058 619 4120 Fide
641 4055 818 4131 secretario,
838 4055 890 4135 qui
907 4053 947 4116 ad
966 4063 997 4116 te
1017 4054 1172 4136 diligenter
1184 4055 1369 4135 perscribet,

219 4160 371 4243 intelliges.
386 4162 432 4223 Ac
445 4158 473 4220 in
486 4163 617 4238 paterne
628 4163 736 4218 nostrae
753 4153 871 4235 pietatis
882 4151 991 4233 pignus
1009 4152 1208 4234 apostolicum
1220 4150 1371 4215 masuic

220 4256 330 4321 tionem
346 4255 535 4321 Fraternitati
552 4263 620 4331 lue,
640 4256 764 4334 ejusque
777 4252 845 4314 fidei
861 4252 1025 4315 commisso
1039 4253 1152 4333 populo
1174 4259 1371 4333 peramanter

219 4356 414 4435 impertimur.
438 4361 549 4421 Datum
563 4359 681 4423 Rornrr,
695 4361 764 4428 etr„
780 4353 828 4411 dic
846 4351 1118 4430 premeremini
1140 4360 1230 4423 tm,
1246 4354 1369 4429 pontifi·

218 4458 402 4513 catrtsnoslri
414 4472 492 4514 rinno
507 4456 604 4514 tertio.

697 4556 769 4564 --..--
786 4555 819 4562 ι...-
835 4556 872 4561 ..
