3194 5354
477 495 658 550 EPlSTOLAE
677 495 722 546 li'l'
742 493 872 547 llllliVld
894 493 1127 548 sennonteus.
1342 499 1375 549 29

724 654 875 723 XXXlll.

568 821 705 865 DlLECTAE
726 822 758 864 ΙΝ
781 821 914 863 0111118Το
937 821 1032 863 ulum

372 934 502 1012 JULIAEl
523 934 675 994 SOPHIAE
705 932 756 991 DE
784 924 1032 993 Plautum
1060 931 1232 1010 D'ANTIN,

490 1066 666 1117 inussisse
682 1065 811 1115 onnrms
830 1065 873 1113 nn
888 1065 1126 1123 nonrnvnsunr,

540 1186 774 1265 CLEMENS
801 1188 929 1263 ΡΑΡΑ
958 1188 1063 1265 XIV.

933 1359 1024 1416 Romae,
1041 1362 1071 1406 tc
1084 1357 1225 1419 septembris
1241 1362 1309 1410 1769,

269 1473 401 1543 Dilecta,
413 1477 468 1532 ete.
482 1471 576 1531 Valde
590 1470 731 1550 propensi
745 1488 849 1531 sumus
864 1471 901 1532 ad
920 1472 956 1532 iis
971 1472 1111 1534 omnibus
1129 1473 1373 1552 gratificandum,

231 1586 361 1647 quorum
375 1586 478 1649 preces
486 1567 568 1629 filiali
577 1569 615 1628 de
626 1566 718 1628 Nobis
731 1566 841 1628 fiducia
850 1568 997 1645 nituntur,
1008 1587 1117 1630 eorum
1128 1588 1210 1648 vero,
1223 1591 1301 1652 quos
1313 1591 1374 1634 me-

229 1667 295 1728 ritis
316 1667 407 1729 etiam
428 1686 464 1729 ac
481 1666 642 1728 virtutibus
662 1673 804 1747 praestare
826 1667 1049 1745 cognoscimus,
1073 1669 1290 1746 postulationes
1309 1675 1372 1730 tarn

229 1763 354 1827 libenter
365 1765 562 1842 admittimus,
578 1771 612 1826 ut
626 1764 747 1826 easdem
760 1764 913 1825 beneficiis
928 1765 1036 1826 uostris
1047 1784 1169 1845 prorsus
1183 1768 1302 1846 explere
1315 1785 1374 1829 cu-

226 1862 355 1942 piamus.
368 1861 496 1923 Proinde
509 1860 633 1923 reddita
649 1860 741 1922 Nobis
760 1860 866 1922 litterae
886 1868 944 1922 tuae
953 1906 962 1938 ,
983 1862 1092 1924 dilecta
1114 1863 1145 1924 in
1161 1863 1278 1924 Christo
1293 1864 1370 1941 lilia,

227 1961 374 2038 maiorem
383 1958 414 2019 in
428 1957 554 2019 modum
563 1963 700 2020 nostrum
709 1958 844 2020 animum
852 1958 1031 2038 excitarunt,
1042 1960 1112 2021 utin
1124 1960 1183 2022 tuis
1190 1962 1372 2041 excipiendis

226 2056 367 2136 precibus
385 2054 584 2136 plurimorum
597 2055 689 2117 etiam
703 2056 895 2134 meritorum,
910 2075 977 2136 quae
990 2057 1233 2120 luculentissimis
1254 2058 1372 2119 indiciis

225 2152 320 2213 Nobis
338 2152 369 2213 in
382 2158 412 2213 te
425 2159 494 2213 sunt
506 2153 895 2235 perspectissima,pietatis
910 2154 1039 2231 scilicet,
1060 2155 1229 2216 constantia
1249 2155 1280 2215 in
1302 2174 1372 2216 sec-

226 2249 322 2310 tanda
335 2249 506 2330 tuendaque
526 2249 656 2329 religiosi
670 2250 797 2311 instituti
814 2250 987 2328 sanctitate,
1006 2243 1230 2331 prudentiaque
1247 2271 1282 2312 ac
1300 2251 1370 2313 lidei

227 2346 258 2406 in
277 2346 440 2409 commisso
451 2346 506 2407 tibi
525 2346 710 2408 moderando
723 2345 842 2423 ordine,
857 2353 946 2426 atque
964 2347 995 2407 in
1015 2348 1076 2408 Nos
1094 2355 1124 2409 et
1142 2347 1221 2409 banc
1232 2355 1370 2411 sanctam
1436 2419 1440 2425 ‚

224 2442 332 2505 Sedent
352 2443 520 2506 devotionis
543 2462 578 2504 ac
598 2443 796 2505 observantiae
817 2443 964 2505 rationem
984 2445 1183 2522 haberemus;
1204 2447 1370 2527 praesertim

223 2558 294 2601 cum
307 2560 375 2621 quae
391 2541 515 2603 aNobis
528 2542 663 2622 postulas
681 2559 719 2602 ea
733 2540 803 2617 sint,
818 2540 927 2620 quibus
938 2542 1128 2603 couscientia
1144 2549 1214 2620 tuae,
1231 2561 1300 2622 quae
1314 2562 1370 2604 ac-

223 2638 412 2699 curatissima
436 2646 467 2700 et
495 2657 620 2701 suorum
644 2656 805 2700 munerum
838 2646 883 2701 est
910 2639 1147 2717 studiosissima,
1183 2642 1368 2703 consulatur.

223 2736 365 2814 Ejusdem
380 2736 660 2815 igituranxietatem
674 2737 822 2819 aliquam,
843 2756 878 2798 ac
895 2738 926 2797 in
946 2736 1114 2799 dubitando
1125 2739 1297 2800 molestiam
1317 2758 1370 2800 re-

221 2853 343 2896 movere
359 2837 513 2917 cupientes
535 2837 681 2898 visitatori
700 2837 866 2917 apostolico
887 2836 1033 2897 canonice
1044 2836 1139 2897 electo
1149 2881 1157 2912 ,
1170 2843 1369 2916 nostramque

177 2929 180 2947 ‘
222 2933 319 2994 vicem
336 2950 407 3010 erga
417 2939 551 2994 vestrum
563 2934 701 2994 ordinem
716 2935 746 2994 S.
766 2932 851 2994 Sedis
865 2932 1040 2992 immediato
1053 2932 1223 3010 subjectum
1235 2933 1370 3010 tangenti

222 3028 396 3088 facultatem
413 3028 608 3089 concedimus
621 3029 814 3108 permittendi
831 3029 997 3105 ingressum
1017 3027 1047 3086 in
1068 3034 1200 3087 vestram
1215 3027 1370 3088 abhatiam

222 3123 415 3200 mulieribus,
427 3142 558 3204 quarum
571 3123 705 3203 quotidie
724 3141 815 3204 opera
839 3122 992 3202 indigetis,
1005 3140 1073 3201 quae
1087 3122 1199 3184 ibillern
1220 3123 1323 3201 etiam,
1345 3125 1369 3186 si

222 3220 385 3282 necessitas
398 3221 517 3298 tulerit,
533 3225 710 3302 pernoctare
722 3219 855 3300 possint,
880 3237 916 3280 ac
934 3219 1070 3299 personis
1090 3219 1193 3280 itidem
1207 3219 1369 3300 dignitate,

221 3318 378 3380 nobilitate
395 3319 629 3398 muneribusque
645 3317 831 3399 conspicuis,
846 3334 976 3397 quarum
990 3315 1192 3396 patrocinium
1206 3317 1369 3396 conciliare

221 3415 348 3477 abbatie
363 3421 466 3477 vestre
480 3415 671 3476 vehementer
684 3415 816 3493 intersit,
833 3432 998 3495 earumque
1009 3414 1239 3494 consanguineis
1257 3420 1288 3477 et
1300 3411 1371 3478 aili-

220 3515 326 3594 nibus,
346 3514 456 3596 iisque,
477 3513 529 3593 qui
543 3513 572 3574 in
594 3512 729 3593 ipsorum
749 3512 809 3574 sint
828 3512 1090 3590 comitatu,juxta
1110 3511 1194 3572 illam
1210 3519 1370 3575 consuetu-

224 3612 336 3691 dinem,
351 3632 444 3694 quam
458 3612 604 3674 hacteuus
618 3609 657 3671 ab
674 3609 843 3687 abbatissis,
859 3629 925 3691 quaa
938 3615 969 3671 te
979 3615 1205 3692 precesserunt,
1219 3615 1369 3671 servatam

164 3776 168 3785 ,
224 3709 314 3772 luisse
323 3710 445 3786 scribis3
458 3727 550 3789 quarn
564 3707 647 3769 omni
661 3725 784 3787 prorsus
795 3707 1027 3788 reprehensione
1039 3706 1172 3769 caruisse
1183 3705 1271 3768 nobis
1282 3704 1371 3769 facile

221 3808 445 3888 persuademus,
460 3826 531 3869 cum
548 3805 695 3885 ejusmodi
710 3806 860 3887 ingressus
873 3825 997 3887 perraro
1014 3805 1151 3867 accidant
1160 3805 1200 3865 ob
1216 3804 1369 3868 abbatiam

223 3913 354 3968 vestram
368 3907 407 3968 ab
425 3906 550 3967 urbibus
568 3911 598 3967 et
617 3905 755 3967 locorum
771 3905 938 3985 frequentia
957 3905 1045 3985 longe
1066 3904 1246 3983 sejunctam,
1263 3910 1294 3964 et
1308 3906 1369 3965 noir

221 4003 382 4066 mediocris
400 4022 518 4085 semper
540 4004 671 4066 extiterit
684 4004 873 4068 visitatorum
889 4005 1124 4086 apostolicorum
1144 4001 1320 4086 prudentia,
1338 4008 1370 4064 et

222 4102 488 4182 superiorissarum
508 4103 600 4165 etiam
617 4108 786 4166 vestrarum
806 4104 967 4185 vigilantia.
993 4106 1180 4184 Quapropter
1200 4104 1286 4160 tanto
1306 4098 1369 4160 Nos

222 4201 321 4262 minus
333 4202 427 4262 ullum
438 4199 546 4262 exinde
558 4201 686 4262 abusum
696 4219 846 4278 veremur,
859 4205 973 4281 quanto
986 4199 1082 4279 magis
1094 4197 1125 4258 in
1136 4202 1189 4257 tua
1202 4192 1275 4271 tide,
1289 4195 1369 4257 acin

223 4298 352 4376 regendo
366 4300 424 4360 isto
439 4299 543 4361 ordine
557 4298 715 4360 sedulitate
734 4318 769 4361 ac
789 4298 942 4378 diligentia
957 4296 1168 4376 conquiescere
1188 4309 1277 4372 posse
1288 4292 1369 4371 iudi·

223 4410 338 4455 camus.
352 4398 449 4469 Quare
460 4394 598 4457 dubitare
616 4396 744 4476 amplius
760 4413 820 4457 non
833 4395 924 4456 debes
938 4394 1011 4473 quin
1028 4390 1185 4452 admittere
1207 4388 1296 4450 intui
1315 4408 1369 4450 or-

221 4490 301 4553 dinis
314 4491 466 4556 abbatiam
481 4512 534 4557 eos
544 4511 649 4555 omnes
660 4493 766 4573 possis,
777 4509 907 4571 quorum
922 4491 1087 4570 ingressum
1099 4487 1235 4548 visitator
1250 4491 1368 4566 aposto-
