3194 5354
417 499 597 554 aristone*
616 498 660 553 ET
679 494 813 554 BREVlA
830 497 1060 558 saudemont.
1257 508 1311 561 ltu

160 608 421 684 peropportunum
431 603 494 665 fore
504 603 741 682 judicaverimus
754 605 806 685 qui
819 605 906 667 isthic
914 607 1085 668 Venerabili
1097 607 1202 670 itidem
1212 611 1309 672 Fratri

161 700 276 780 Angeia
287 700 386 761 Maria
408 701 634 782 archiepiscopo
650 702 810 781 ancyrano
830 701 1018 779 succederet,
1032 721 1068 765 ac
1080 704 1223 767 ordinarii
1241 724 1311 769 nos

161 797 199 857 tri
213 803 244 858 et
257 796 435 879 apostolica
445 796 530 859 Sedis
542 797 643 859 nuncii
658 797 740 878 apud
751 799 939 878 Maiestatem
951 803 1050 863 'luam
1064 807 1175 865 munus
1188 812 1307 885 ageret,

159 893 215 956 etsi
234 911 326 975 egre,
345 895 444 956 divelli
456 902 558 958 tamen
584 897 708 958 aNohis
725 897 870 978 patimur,
885 904 974 978 atque
988 897 1027 960 ad
1041 904 1070 959 te
1091 899 1134 961 ita
1149 901 1307 968 mittimus.

159 991 357 1055 carissimam
368 993 484 1056 Christo
495 994 536 1055 uti
547 1001 661 1072 noster,
671 1001 706 1056 ut
718 983 1121 1076 minimedubitemus,quii
1132 1005 1188 1078 pro
1198 998 1308 1061 eximia

159 1097 212 1153 tua
225 1109 296 1172 erga
309 1093 370 1153 Nos
383 1091 494 1172 pictate
509 1098 599 1171 atque
612 1091 643 1152 in
660 1089 738 1152 hanc
752 1092 894 1153 Sanctam
904 1091 1012 1153 Sedem
1027 1092 1205 1171 devotione,
1217 1113 1307 1158 enm-

158 1187 228 1249 dem
242 1189 325 1269 regia
337 1194 407 1265 tua,
426 1205 487 1269 qua
501 1188 597 1266 soles,
609 1186 797 1271 humanitate
808 1187 850 1248 sis
858 1194 1049 1269 excepturus.
1063 1188 1149 1264 Quod
1160 1208 1231 1252 cum
1241 1209 1307 1254 nos·

158 1293 206 1348 tra
218 1304 311 1349 causa
324 1292 359 1348 ut
373 1284 565 1347 vehementer
588 1305 606 1346 a
626 1290 656 1346 te
670 1284 819 1365 petimus,
834 1284 1072 1347 cumulatissime
1083 1285 1208 1364 feceris,
1229 1306 1308 1367 geu-
1430 1276 1437 1289 “

158 1382 243 1447 debis
252 1402 325 1447 saue
334 1383 365 1445 id
375 1382 405 1445 in
416 1402 487 1446 eum
494 1383 701 1465 praestitissem
712 1379 822 1457 virum,
832 1380 931 1460 inquo
940 1388 1048 1462 praeter
1055 1383 1307 1464 spectatissimum

156 1483 274 1563 generis
296 1481 501 1557 nobilitatem,
522 1498 557 1542 ac
570 1477 743 1540 excellentis
757 1477 867 1553 animi,
886 1478 1055 1559 ingeniique
1072 1480 1178 1542 laudes
1196 1481 1306 1543 eximia

157 1579 249 1642 ctiam
263 1579 394 1642 emineat
407 1577 452 1640 tui
466 1576 666 1654 observantia,
680 1575 824 1653 audium,
838 1576 1030 1638 existimatio.
1043 1578 1143 1640 Nostri
1153 1578 1192 1640 de
1204 1586 1236 1641 te
1247 1599 1306 1661 pa-

156 1684 248 1741 terna
264 1676 506 1740 tucuentissime
523 1675 657 1737 caritatis
677 1693 781 1736 sensns
800 1675 940 1755 praeclare
959 1675 1000 1737 illi
1018 1676 1130 1756 cogniti
1146 1695 1253 1740 onmes
1270 1698 1306 1741 ac

156 1775 303 1856 perspecti
318 1782 406 1854 sunt,
422 1790 583 1855 quoscum
601 1771 639 1833 ad
651 1778 680 1832 te
691 1770 820 1848 deleret,
832 1779 863 1832 et
875 1790 946 1834 cum
959 1773 1012 1833 tibi
1023 1790 1143 1836 summo
1155 1776 1217 1837 Nos
1234 1795 1306 1838 om

154 1872 206 1933 nia
220 1889 381 1953 cupere,a
401 1872 524 1950 lleoque
536 1869 654 1951 precari
673 1868 1031 1953 significabit-‚precipue
1049 1891 1121 1936 vero
1140 1881 1175 1935 ut
1188 1892 1224 1936 ex
1244 1877 1305 1937 Ca-

154 1970 272 2031 tholica
285 1969 438 2048 religionis
456 1967 550 2029 tutela
569 1966 712 2046 gloriam,
736 1987 771 2030 ac
782 1986 819 2040 cx
838 1976 947 2050 pacato
965 1988 1057 2048 regno
1075 1970 1250 2036 felicitatem
1268 1995 1304 2038 ac

154 2067 249 2129 decus
265 2065 477 2146 consequaris,
495 2082 625 2144 cumque
636 2071 753 2126 ceteras
763 2082 901 2127 omnesa
921 2065 1014 2127 Nobis
1027 2069 1205 2132 commissas
1216 2070 1305 2133 dein-

153 2183 225 2244 ceps
239 2163 334 2225 ohihit
350 2161 607 2243 pertractabitquc
621 2161 701 2242 apud
713 2168 743 2222 te
756 2161 884 2242 apostoli
901 2162 1009 2224 Nuncii
1028 2171 1149 2244 partes,
1165 2166 1221 2246 ipsi
1239 2174 1304 2229 tam

153 2261 340 2323 cumulatam
350 2257 491 2335 habebis,
501 2276 593 2339 quam
603 2259 627 2320 si
636 2259 698 2319 Nos
707 2275 811 2320 coram
820 2258 1023 2340 loqueremur,
1036 2259 1139 2322 tidem.
1151 2265 1223 2337 ,Qum
1229 2264 1303 2326 dum

153 2359 256 2421 omnia
266 2364 405 2440 peraget,
420 2356 507 2419 facile
522 2356 576 2418 tibi
594 2356 691 2437 magis
702 2355 857 2438 magisque
868 2357 899 2419 in
911 2356 975 2420 dies
990 2358 1197 2438 confirmabit,
1210 2379 1303 2442 quarn

152 2456 237 2519 cordi
256 2455 350 2518 Nobis
366 2455 422 2532 sit,
433 2464 469 2516 ut
482 2454 664 2531 incolumes,
682 2460 764 2517 acut
781 2453 1002 2518 antellorcntcs
1014 2462 1046 2518 ct
1058 2457 1217 2519 Catholicae
1230 2459 1303 2520 reli-

151 2554 249 2634 gionis
263 2561 294 2616 et
311 2554 476 2633 Maiestatis
493 2555 565 2623 Tum
578 2571 655 2631 una,
669 2560 701 2615 et
719 2553 805 2616 istius
823 2553 932 2616 inclitae
945 2554 1077 2617 nationis
1100 2575 1148 2619 res
1161 2556 1300 2635 tandem,

151 2653 213 2714 Dec
224 2652 349 2729 juvante
358 2697 367 2730 ,
377 2651 553 2714 consistant.
565 2650 653 2727 Quod
667 2658 721 2716 tna
732 2670 843 2735 opera,
855 2659 909 2717 tua
920 2653 1115 2732 auctoritate,
1128 2661 1181 2717 tua
1193 2655 1302 2718 virtute
1368 2669 1370 2675 ⁴

151 2748 254 2828 perlici
266 2748 398 2810 manure
416 2755 573 2830 optamus,
589 2767 626 2811 ac
638 2747 670 2811 in
681 2749 805 2812 celestis
817 2752 919 2831 gratia
932 2751 1116 2832 auspicium,
1133 2759 1301 2834 nostraeque

148 2844 956 2927 caritatispignusapostolicambenedicticaemltegioe
964 2848 1191 2924 MaiestatiTuae
1199 2867 1301 2911 aman·

149 2941 264 3004 tissime
274 2941 474 3023 impertimur.
490 2945 602 3003 Datum
619 2943 734 3014 Rome,
753 2950 824 3019 etc,
842 2944 891 3006 die
906 2955 940 3004 ιε
960 2945 1067 3021 aprilis
1087 2955 1178 3020 tm,
1198 2950 1301 3022 ponti-

149 3043 256 3112 ficatus
279 3044 374 3102 nostri
393 3056 473 3102 cuno
486 3043 584 3100 tertio.
1090 3039 1094 3044 ’
1281 3058 1285 3066 ·

656 3279 794 3358 CXCVI.

560 3437 751 3481 venenatum
775 3435 888 3478 FRATRI

348 3544 534 3608 emeram
553 3543 855 3608 mmmruccro
876 3540 1090 3604 euasurum

458 3668 692 3748 CLEMENS
718 3667 848 3747 PAPA
875 3664 982 3743 XIV.

912 3815 1006 3873 Roma,
1024 3819 1055 3862 15
1068 3812 1150 3876 aprilis
1165 3817 1232 3865 1772.

191 3922 388 3993 Venerabilis,
403 3929 461 3985 etc.
474 3924 570 3997 Quem
591 3919 738 3982 mittimus
749 3916 849 3980 isthuc
861 3915 1070 3978 Venerabilcm
1083 3915 1220 3980 Fratrem
1240 3919 1296 3978 lc-

147 4017 275 4100 sepham
288 4019 546 4101 archiepiscopum
558 4016 672 4098 Beryti,
687 4022 722 4077 ut
733 4014 814 4097 apud
823 4012 1011 4076 carissimum
1029 4012 1187 4075 inChristo
1196 4013 1291 4075 filium

147 4122 284 4177 nostrum
297 4116 466 4195 Angustum
476 4115 665 4177 stanislaum·
673 4113 803 4175 Polcnic
815 4115 929 4193 Regem
942 4112 1106 4187 illustrem,
1121 4119 1151 4171 ct
1162 4109 1294 4171 inclitam

146 4218 276 4272 resumi
300 4211 529 4292 Rcmpuhlicam
551 4210 644 4273 nostri
667 4216 698 4271 et
720 4208 898 4291 Apostolice
913 4207 997 4269 Sedis
1021 4203 1166 4267 Ordinarii
1188 4204 1293 4267 Nuncii
1353 4233 1356 4239 ,

148 4324 258 4367 munus
268 4314 364 4387 gerat,
379 4307 478 4371 eidem
493 4315 555 4370 ate
568 4307 710 4389 petimus,
726 4315 760 4368 ut
774 4306 960 4368 cumulatam
971 4304 1003 4364 in
1020 4299 1160 4363 omnibus
1173 4307 1293 4382 prestes

147 4403 249 4481 sidem,
262 4404 343 4484 quod
352 4403 473 4486 quidem
489 4405 670 4487 perlibenter
680 4403 784 4480 iacies,
800 4422 837 4464 en
847 4401 928 4463 enim
942 4398 998 4479 ipsi
1012 4397 1157 4460 inundata
1168 4399 1231 4460 Nos
1240 4397 1292 4458 dc·

146 4498 257 4577 dimus,
269 4518 335 4580 qun
348 4500 385 4562 ad
397 4501 447 4563 liei
459 4500 680 4582 procurandam
694 4499 822 4578 gloriam
838 4514 962 4576 remque
975 4495 1132 4558 Catholicae
1144 4494 1293 4576 religionis
