3194 5354
323 519 373 568 lt!
749 515 956 571 cubitantis
974 517 1037 571 xlv

320 621 386 695 die,
400 625 544 700 tuamque
554 619 620 679 ideo
631 620 744 698 regiam
764 626 946 698 potestatem
958 620 1058 682 divino
1070 622 1238 700 patrocinio
1247 624 1302 685 niti
1312 628 1471 706 perspicue

319 718 458 778 viderint.
474 719 543 778 llaec
556 718 629 779 Nos,
641 717 692 796 qui
705 715 890 794 cupidissimi
901 718 1003 796 glorie
1019 726 1090 795 tue,
1104 719 1208 799 tuique
1218 721 1304 800 regui
1316 721 1470 786 felicitatis

318 835 434 891 sumus,
453 822 483 877 ct
504 819 596 878 elleo
607 815 694 881 enixe
712 816 903 895 flagitemus,
918 822 949 877 et
962 832 999 877 ex
1013 815 1251 879 luculentissime
1269 817 1321 881 illo
1332 820 1470 898 eiuselem

317 933 389 994 erga
399 922 428 976 te
442 913 633 995 benignitatis
652 921 830 995 argumento
845 914 949 977 lutura
959 912 1053 977 Nobis
1067 913 1257 997 pollicemur.
1270 918 1402 983 Danum
1413 935 1470 980 coe

319 1011 401 1072 lestis
414 1010 631 1072 benedictionis
645 1011 811 1093 auspicem,
824 1017 994 1091 nostreque
1007 1010 1168 1090 singularis
1182 1012 1347 1076 voluntatis
1360 1013 1471 1095 pignus

318 1109 516 1188 apostolicam
525 1106 763 1170 benedictionem
776 1107 875 1188 Regia
886 1108 1034 1186 Mejesteti
1049 1110 1120 1170 ‘lire
1134 1110 1341 1173 amantissime
1353 1111 1470 1192 imper-

318 1205 421 1267 timur.
438 1208 550 1267 Datum
560 1207 675 1279 llomoe,
686 1215 758 1282 etc..
771 1209 820 1266 dic
832 1218 868 1268 24
879 1207 1045 1266 decembris
1064 1218 1150 1284 1711,
1164 1212 1359 1286 pontificatus
1372 1216 1470 1272 nostri

318 1322 398 1366 urso
410 1309 512 1365 lertio.

805 1410 980 1419 ...—

813 1533 967 1602 CLXXV.

761 1690 906 1733 urnacrne
928 1691 1023 1733 ninias

648 1794 839 1855 maltuco
859 1795 1132 1855 metuonidis

530 1919 803 1967 umnoronuaue
819 1920 980 1968 acceusae
1002 1921 1259 1971 senrsnunuensis

613 2026 846 2105 CLEMENS
888 2028 1018 2105 PAPA
1059 2027 1166 2104 XIV.

1024 2178 1123 2237 aene,
1138 2182 1167 2227 ne
1178 2175 1313 2231 maban
1331 2182 1400 2233 irat.

357 2286 480 2357 Diluti,
507 2291 565 2345 cte.
592 2283 770 2345 Incredibile
793 2300 865 2344 sene
887 2287 951 2358 est,
974 2289 1089 2363 quanto
1111 2283 1217 2346 dolum
1235 2284 1335 2347 etleeti
1358 2286 1466 2363 sinus,

317 2399 388 2443 cum
406 2400 443 2441 ex
460 2381 569 2443 verbis
591 2381 685 2442 literis
703 2379 909 2442 tristiedmum
916 2379 1156 2462 percepissemus
1167 2383 1314 2445 nuncium
1325 2383 1365 2446 de
1382 2384 1469 2448 obitu

317 2478 502 2547 Venerabilis
515 2479 629 2540 Fratris
647 2479 827 2558 sigismundi
842 2479 1048 2560 Christopbori
1062 2478 1279 2562 archiepiscopi
1298 2483 1392 2545 vestri
1410 2484 1469 2546 Sa-

317 2576 521 2656 lisburgensis.
532 2579 674 2640 Nostram
684 2580 745 2640 Nos
764 2577 795 2639 in
805 2596 877 2644 eum
899 2577 1083 2658 singularem
1095 2577 1254 2639 caritatem
1273 2579 1418 2642 maximia
1428 2580 1468 2642 do

317 2671 417 2735 causis
424 2672 489 2750 jam
499 2672 552 2734 diu
566 2673 790 2735 contuleramus
800 2697 808 2749 3
824 2691 897 2734 nam
908 2680 939 2734 et
952 2674 1095 2755 preclara
1105 2674 1173 2752 ejus
1183 2692 1249 2736 ease
1259 2674 1299 2743 da
1310 2677 1466 2758 religione,

316 2769 356 2830 de
370 2767 516 2845 Ecclesia,
530 2775 560 2829 et
572 2768 614 2831 de
625 2770 735 2831 Sancta
748 2770 806 2831 bac
815 2769 892 2831 Sede
903 2770 1023 2847 merita,
1032 2776 1064 2833 et
1075 2770 1237 2832 mirificum
1247 2771 1277 2833 iu
1289 2775 1468 2838 commissos

316 2865 373 2928 sibi
384 2865 531 2947 populos,
548 2864 750 2947 apostolieum
762 2866 908 2943 studium,
922 2884 1046 2942 curam,
1058 2885 1095 2928 ec
1107 2867 1294 2948 vigilantiam
1315 2872 1358 2933 ite
1371 2890 1468 2954 agno-

315 2965 414 3026 vimus
421 3010 431 3041 ‚
448 2971 483 3026 ut
491 2965 626 3044 ejusdem
643 2965 767 3027 vitame
781 2965 1020 3026 lleodiutissime
1032 2964 1071 3025 ad
1080 2982 1244 3028 commune
1256 2966 1375 3030 bonum
1389 2988 1466 3052 pm-

315 3064 414 3145 rogeri
430 3082 622 3146 cuperemus.
643 3067 738 3139 Quem
751 3064 880 3146 proinde
896 3070 1055 3145 tantopere
1072 3064 1226 3126 viventem
1244 3065 1467 3147 diligebamur.

315 3163 381 3240 ujus
394 3163 506 3224 monui
520 3163 702 3227 desideriam
723 3163 765 3224 ita
778 3163 922 3240 ierimus,
942 3168 977 3222 ut
998 3161 1160 3242 plurimam
1184 3163 1337 3240 jacturam
1353 3165 1467 3227 lectam

315 3276 381 3320 esse
394 3259 584 3321 arbitremur.
609 3261 808 3321 Communem
828 3260 930 3338 itaque
952 3264 1059 3338 putere
1082 3259 1224 3337 potestis,
1247 3279 1330 3342 eque
1352 3260 1468 3323 scilicet

316 3360 453 3416 nostrum
466 3372 532 3416 esse
542 3361 737 3435 vestrumque
747 3355 830 3416 bunc
843 3355 978 3431 luaom,
996 3373 1032 3415 ac
1049 3354 1176 3436 proinde
1198 3356 1288 3421 tacite
1306 3364 1463 3438 munna,

315 3449 418 3512 dilecti
435 3449 506 3528 lilii,
522 3469 559 3512 ex
581 3458 682 3513 vestro
694 3450 829 3513 dolorem
843 3469 1038 3532 cognoscere.
1059 3455 1146 3515 llunc
1161 3453 1263 3535 ipsum
1284 3462 1387 3520 umen
1409 3457 1467 3521 de-

315 3549 422 3612 bemus
433 3549 472 3612 ed
484 3550 553 3628 ejus
563 3549 670 3611 anime
685 3548 855 3617 subsidium
867 3550 1016 3623 conterre,
1034 3569 1071 3612 ec
1083 3553 1179 3612 mum
1188 3553 1376 3619 &lautorem
1390 3568 1467 3619 uos·-

315 3654 397 3709 trum
414 3667 472 3728 pro
491 3647 584 3730 ipsius
604 3647 702 3711 salute
720 3647 886 3728 deprecari.
906 3647 993 3722 Quod
1007 3645 1084 3717 mun
1096 3648 1241 3728 lecimus,
1251 3652 1468 3732 plurimasano

314 3745 469 3824 erigimur,
481 3744 1001 3824 acrecreemuriiducielorejemut
1013 3744 1077 3824 ipse
1089 3745 1232 3807 meritam
1244 3749 1467 3811 suarumrirtu·

316 3844 721 3908 tummeroedemellomino
730 3843 867 3925 recipiet.
879 3845 982 3907 Altera
993 3846 1085 3907 etiem
1092 3843 1185 3906 Nobis
1192 3846 1326 3927 suppetit
1336 3846 1467 3909 leobadi

315 3939 863 4022 moerorisceusa,dumeogitationem
872 3940 1466 4026 nostramedrestrasleudeaecoptima‚

314 4056 381 4118 pue
398 4037 536 4118 agitatis,
555 4037 592 4098 de
609 4040 748 4119 eligendo
768 4057 940 4102 successore
963 4039 1089 4102 consilia
1110 4038 1325 4101 conventinus.
1338 4039 1465 4102 Minime

316 4135 409 4198 Nobis
423 4135 553 4204 dubium
564 4155 630 4199 esse
641 4143 741 4218 potest
750 4156 856 4220 proce
868 4137 1078 4218 quedevobis
1087 4154 1211 4214 sumus,
1231 4136 1467 4217 existimatione,
1580 4178 1593 4203 .

315 4233 387 4309 quin
402 4232 442 4294 ed
456 4234 594 4314 publicas
609 4234 742 4299 rationes
762 4236 851 4298 unice
869 4235 933 4299 sitis
950 4235 1085 4299 execbui
1107 4235 1223 4314 judicie
1235 4242 1345 4311 vestre,
1368 4254 1467 4318 amr

315 4347 351 4387 ox
360 4330 460 4390 Sancti
472 4332 600 4412 Spiritus
613 4331 715 4397 eiiletu
728 4333 940 4396 tantummodo
951 4334 1147 4397 moderaturi.
1160 4337 1277 4397 Tamen
1286 4353 1343 4416 pro
1362 4342 1468 4397 nostm

315 4430 538 4494 munerastiam
551 4439 639 4511 etqrre
651 4432 908 4494 ctiembortamur
918 4451 983 4510 vos,
995 4433 1357 4513 avobisquellagilamus‚
1368 4442 1404 4495 ut
1412 4450 1468 4513 per

315 4543 368 4584 ros
379 4532 566 4607 rostrumque
581 4550 705 4610 operam
721 4530 834 4611 optime
848 4531 1020 4594 consultum
1031 4531 1173 4593 Ecclesiae
1190 4530 1277 4592 istius
1288 4529 1410 4592 utilitati
1426 4548 1464 4591 nc
