3194 5354
386 489 567 546 EPISTOLAE
587 490 631 543 ΕΤ
649 485 781 544 BREVIA
799 485 1031 543 SRLEC'HORA.
1264 493 1279 543 3

137 595 176 676 ad
198 601 393 659 sacrosanctae
423 582 572 673 religionis
594 594 838 668 incrementum·
857 611 892 654 ae
914 593 1082 653 christiana
1108 593 1278 673 reipublicae

137 691 382 771 tranquillitatem
397 691 494 754 fausta
503 709 539 754 ac
553 690 651 754 felicia
663 689 764 752 omnia
777 690 971 769 deprecantes
983 689 1177 769 apostolicam
1192 687 1280 747 bene·

137 791 298 853 dictionem
316 791 378 865 tibi,
398 790 547 851 carissime
561 789 591 849 in
604 788 718 849 Christo
734 787 786 848 lilii
802 793 914 862 noster,
929 786 1129 848 amantissime
1149 785 1280 866 imperti-

137 910 212 952 mur.
229 895 342 953 Datum
354 891 471 962 Roma,
488 896 556 961 etc,
570 889 620 947 die
638 898 672 946 rr
683 888 770 962 junii
783 894 869 958 1769,
885 887 1083 963 pontificatus
1095 889 1187 944 nostri
1201 902 1279 944 arieto

132 987 240 1060 primo.

609 1077 808 1089 u—-n-—n

674 1189 731 1258 lll.

396 1362 561 1409 canrasmo
583 1365 616 1407 m
638 1360 770 1407 CHRISTO
792 1364 875 1406 rulo
897 1359 1011 1406 NOSTRO

221 1497 387 1560 rosamo
408 1501 448 1559 ur
469 1497 721 1560 somnonuu
744 1495 1024 1559 ruranlroneu
1045 1494 1190 1559 annoso

440 1636 676 1715 CLEMENS
706 1639 834 1714 ΡΑΡΑ
862 1636 967 1717 XIV.

889 1821 985 1876 noma,
1001 1817 1025 1864 nl
1039 1817 1100 1877 iunii
1114 1820 1181 1866 1769,

173 1927 354 2002 Camssime,
367 1935 423 1988 ete.
444 1929 690 2008 Perspectissimae
712 1931 854 2009 Auguste
875 1910 1014 1991 Caesareae'
1036 1932 1144 1992 domus
1164 1930 1275 2011 pietati,

132 2021 308 2101 eximiaeque
321 2023 351 2083 in
363 2023 441 2084 hanc
454 2025 647 2105 apostolicam
661 2026 765 2088 sedem
778 2024 974 2087 observantiae
993 2043 1029 2086 ea
1048 2025 1137 2104 plane
1152 2043 1275 2086 consen·

132 2117 229 2191 liunt,
244 2134 312 2196 quae
333 2119 433 2179 retulit
446 2118 536 2182 Nobis
554 2120 679 2182 dilectus
702 2119 780 2182 filius
798 2119 905 2181 nobilis
919 2119 962 2179 vir
976 2119 1006 2178 S.
1031 2120 1065 2179 R.
1082 2121 1109 2178 J.
1125 2137 1227 2180 comes
1240 2121 1277 2181 de

134 2212 258 2274 llaunitx
273 2213 408 2295 Rittberg
428 2216 552 2277 actualis
570 2217 766 2288 consiliarius,
787 2216 908 2276 intimus
921 2213 1115 2285 camerarius,
1132 2218 1162 2272 et
1177 2223 1278 2274 orator

132 2305 213 2386 apud
226 2307 287 2369 Nos
306 2314 392 2386 tuus,
408 2330 537 2392 quaeque
550 2314 688 2392 Maiestas
708 2319 760 2375 lua
779 2310 936 2392 perscribit
956 2310 993 2370 de
1015 2309 1127 2386 ingenti
1153 2309 1275 2386 gaudio,

133 2406 215 2483 quod
239 2406 279 2467 ob
292 2409 354 2470 Nos
375 2410 414 2471 ad
436 2409 542 2473 Christi
562 2411 693 2472 interris
714 2411 794 2471 vices
808 2409 962 2472 obeundas
986 2406 1086 2467 divino
1106 2407 1230 2468 consilio
1247 2408 1277 2469 in

132 2525 273 2588 supremo
296 2509 436 2572 Ecclesiae
463 2511 594 2572 culmine
614 2510 791 2572 constitutos
814 2508 957 2591 percepit.
976 2505 1013 2566 lli
1035 2505 1075 2587 pii
1089 2505 1277 2586 religiosique

131 2601 224 2664 animi
240 2605 281 2665 tui
301 2623 405 2667 sensus
424 2624 522 2686 neque
540 2606 608 2668 novi
628 2605 729 2680 Nobis,
745 2623 844 2685 neque
863 2602 1043 2683 inexpectati
1063 2599 1194 2677 luerunt,
1207 2620 1277 2661 cum

132 2703 192 2764 Nos
206 2705 260 2785 ipsi
274 2705 379 2786 paucis
401 2711 468 2767 ante
483 2705 637 2767 mensibus
650 2705 833 2784 Maiestatem
847 2709 930 2764 tuam
949 2710 1051 2763 nostra
1064 2701 1094 2759 S.
1112 2701 1146 2760 ll.
1167 2702 1200 2760 E.
1216 2719 1278 2761 car·

132 2801 276 2864 dinalium
297 2802 416 2866 comitia
436 2803 611 2865 invisentem
632 2803 846 2882 aspexerimus,
872 2807 960 2881 atque
982 2801 1101 2863 allocuti
1125 2801 1228 2874 simus,
1248 2806 1278 2861 ot

132 2915 234 2960 coram
256 2903 404 2963 excelsam
436 2903 632 2964 virtutemne
655 2901 833 2981 sapientiam
856 2906 940 2960 tuam
963 2917 1033 2973 ore,
1060 2899 1159 2971 vultu,
1185 2897 1278 2958 oculis

132 2989 311 3052 emicantem
323 2993 418 3054 multa
436 3012 506 3055 cum
523 2995 711 3071 iucunditate
733 2995 882 3055 admirati.
897 2994 993 3053 Tanto
1008 2994 1097 3071 igitur
1111 2992 1206 3070 magis
1220 2992 1278 3050 boc

66 3143 68 3146 .
134 3094 193 3147 tuae
207 3085 237 3146 in
251 3087 312 3147 Nos
327 3088 424 3147 filialis
439 3089 635 3148 observantia
651 3089 823 3149 testimonio
841 3090 996 3161 laetamur,
1022 3107 1169 3167 eamque,
1186 3107 1277 3167 quum

133 3185 243 3247 adhoc
253 3185 463 3265 gravissimum
474 3183 679 3247 sustinendum
692 3204 802 3247 munus
814 3186 842 3246 iu
860 3187 969 3247 uostris
980 3185 1090 3246 viribus
1105 3204 1164 3247 non
1182 3186 1278 3248 habc-

133 3301 200 3345 mus
212 3280 371 3359 fiduciam,
387 3300 422 3343 ex
435 3290 488 3344 tuo
502 3282 532 3343 in
547 3301 602 3345 nos
620 3283 719 3345 studio
737 3284 875 3365 cupimus
886 3327 893 3360 ,
906 3302 967 3363 quo
980 3283 1018 3345 dc
1036 3283 1123 3363 primi
1138 3285 1277 3346 Ecclesia

132 3380 183 3441 filii
201 3380 392 3461 supremique
411 3381 544 3461 eiusdem
564 3380 699 3444 advocati
710 3389 740 3444 et
750 3380 915 3444 defensoris
929 3380 1039 3442 muniis
1051 3399 1206 3461 nunquam
1225 3381 1277 3443 de-

70 3529 73 3534 .
131 3477 266 3539 loturum
279 3478 438 3558 polliceris.
453 3479 514 3540 Nos
524 3475 645 3559 quidem
659 3479 717 3540 hac
729 3479 848 3559 egregia
858 3487 911 3557 tuq
923 3479 1075 3540 voluntate
1086 3479 1278 3540 vehementer

133 3573 298 3652 innitimur,
315 3579 478 3655 contraque
493 3575 534 3636 ita
544 3575 710 3656 comparati
727 3575 826 3636 auimo
840 3593 955 3652 sumus,
969 3582 1074 3636 utnon
1087 3577 1275 3651 solomanum

132 3690 197 3751 quae
212 3668 287 3732 inter
297 3668 498 3733 sacerdotium
512 3677 543 3733 et
559 3671 719 3751 imperium
734 3670 890 3733 intercedit
902 3673 1144 3749 coniunctionem
1163 3673 1275 3750 lovere,

132 3769 182 3829 sed
204 3767 381 3832 arctioribus
401 3769 492 3830 etiam
510 3769 620 3831 amoris
635 3787 670 3830 ae
683 3766 854 3830 officiorum
869 3770 1006 3831 omnium
1020 3769 1146 3830 vinculis
1159 3771 1276 3853 semper

132 3866 228 3946 magis
246 3865 429 3948 adstringere
445 3868 613 3947 cupiamus.
632 3867 809 3928 Luculenter
830 3866 908 3928 banc
930 3867 1021 3928 animi
1037 3869 1132 3929 nostri
1155 3876 1277 3930 seuten-

132 3963 206 4025 tiam
218 3965 458 4048 exprompsimus
472 3965 568 4027 eidem
586 3966 698 4027 oratori
711 3972 774 4041 tuo,
784 3964 855 4025 dum
866 3964 1021 4045 diligenter
1031 3966 1208 4028 mandatum
1223 3966 1275 4026 tibi

133 4062 319 4140 aMaiestate
333 4069 385 4125 tna
399 4081 508 4125 munus
523 4062 601 4143 apud
615 4064 675 4125 Nos
692 4069 862 4145 perageret,
876 4081 936 4142 quo
953 4063 994 4125 ita
1011 4064 1142 4142 graviter
1158 4064 1277 4142 magni-

103 4196 104 4200 =
133 4158 247 4240 iiceque
261 4159 381 4221 iunctus
395 4168 457 4237 est,
473 4168 506 4222 ut
521 4161 677 4241 splendore
694 4160 911 4241 prudentiaque
923 4179 978 4221 sua
995 4169 1025 4221 ot
1039 4160 1203 4240 plurimum
1220 4160 1275 4221 sibi

133 4275 150 4314 a
164 4257 253 4318 Nobis
264 4258 392 4336 gratiam
402 4260 615 4335 conciliaverit,
628 4266 658 4320 et
672 4259 807 4320 omnium
819 4258 959 4322 ordinum
969 4259 1137 4320 voluntates
1149 4257 1275 4319 mirilico

133 4352 305 4415 devinxerit.
322 4358 449 4418 Domum
466 4357 630 4419 incredibili
649 4357 836 4434 Maiestatem
847 4363 931 4419 tuam
950 4355 1050 4416 studio
1064 4363 1152 4416 notro
1172 4364 1275 4435 pator-

133 4468 231 4530 naque
244 4455 479 4516 cumulatissime
498 4455 621 4516 caritate
640 4464 853 4535 prosequentes
868 4454 1064 4534 apostolicam
1083 4453 1274 4514 bencdictio-

1144 4568 1167 4615 ι.
