3194 5354
471 436 650 494 EPlSTOLAE
667 435 715 492 ET
733 438 869 495 uuuvla
887 438 1119 495 1111111011.
1333 445 1365 495 tt

225 561 284 624 qne
295 542 444 606 incolume
457 543 507 620 sit,
519 549 564 616 ut,
577 543 660 604 nulla
673 561 748 622 ruga
757 561 793 604 ac
801 543 921 605 macula
929 551 1096 620 contracta,
1107 543 1189 604 omni
1201 543 1370 607 christiana.

225 642 342 703 virtutis
364 640 639 717 laudeinstruatur,
662 640 818 720 acvigeat.
829 640 914 715 Quod
925 639 1047 721 quidem
1056 640 1156 702 divina
1167 659 1224 726 ope
1236 641 1368 723 prastari

227 738 349 800 aNobis
363 737 489 818 poterit,
502 738 527 799 si
543 737 695 818 pronvirili
711 756 766 799 sua
778 737 905 819 quisque
920 737 1074 800 commissi
1091 737 1149 800 sibi
1161 739 1257 818 gregis
1268 739 1368 803 studio

225 835 414 914 exardescet,
428 836 453 898 si
474 837 524 898 illa
538 854 598 899 una
607 836 731 917 singulis
745 836 886 899 insidebit
896 856 969 900 cura
982 837 1085 919 populi
1099 836 1145 899 sui
1158 837 1196 900 ab
1210 838 1292 900 omni
1304 858 1368 901 ma-

224 935 327 996 lorum
344 935 539 1015 contagione,
560 941 651 1014 atque
670 953 808 999 errorum
829 935 943 997 insidiis
963 934 1154 1012 removendi,
1176 953 1212 997 ac
1227 936 1369 1010 omnibus

225 1031 367 1093 doctrina
378 1031 605 1113 sanctitatisque
615 1033 756 1095 subsidiis
767 1032 992 1112 diligentissime
1005 1031 1171 1094 muniendi.

263 1129 444 1208 Huiusmodi
457 1130 625 1193 animarum
638 1132 742 1194 salutis
753 1131 919 1212 cupiditate
930 1131 956 1192 si
968 1149 1103 1210 unquam
1114 1148 1177 1208 eos,
1188 1130 1240 1211 qui
1251 1130 1370 1193 tuendae

222 1225 314 1288 vineae
327 1226 446 1288 Domini
460 1234 603 1307 praesunt,
614 1229 761 1291 excitatos
780 1247 845 1292 esse
862 1227 1013 1309 oportuit,
1030 1228 1088 1290 huc
1102 1228 1266 1308 prasertim
1287 1235 1368 1290 tem-

222 1339 295 1401 pore
310 1322 376 1386 illos
396 1323 576 1387 inflammari
589 1331 636 1388 est
649 1325 916 1407 pernecessarium.
938 1324 1064 1400 Quando
1080 1323 1160 1385 enim
1183 1330 1246 1385 tam
1262 1325 1369 1387 111111-

222 1417 334 1497 plices,
348 1425 413 1482 tam
424 1421 529 1482 noxias
541 1421 603 1482 sive
624 1421 662 1483 ad
676 1422 935 1500 labefactandam,
947 1421 1008 1485 sive
1019 1421 1058 1484 ad
1070 1420 1232 1485 tollendam
1246 1423 1368 1503 religio-

223 1532 293 1577 nem
307 1516 415 1578 exoriri
427 1516 490 1581 lere
501 1518 646 1598 quotidie,
659 1525 690 1581 11
703 1519 890 1581 circumferri
899 1521 1075 1601 opiniones,
1090 1520 1211 1600 quando
1227 1520 1368 1584 novitatis

225 1614 364 1676 illecebra
388 1616 485 1696 magis
506 1615 644 1678 inductos
672 1617 827 1694 homines,
848 1624 879 1678 et
898 1617 1031 1700 quadam
1051 1617 1214 1700 peregrine
1236 1617 1368 1681 scientiae

224 1710 364 1774 aviditate
381 1720 549 1794 pertractus
564 1714 604 1776 ad
624 1714 704 1778 banc
722 1713 894 1794 confluere,
917 1722 1006 1797 atque
1026 1717 1153 1779 eandem
1173 1715 1367 1778 libentissime

221 1810 398 1890 conquirere
420 1811 570 1873 vidimns‘l
585 1812 665 1874 unde
683 1813 853 1874 animarum
872 1817 1003 1892 pestem,
1024 1819 1055 1874 11
1067 1811 1229 1892 perniciem
1248 1811 1368 1874 extendi

221 1903 311 1967 latius
322 1906 353 1966 in
364 1906 442 1984 dies,
459 1925 494 1968 11
505 1901 671 1970 miserrimc
680 1910 838 1991 propagari
851 1909 997 1972 dolemus.
1013 1911 1110 1984 Quare
1121 1927 1158 1971 eo
1170 1908 1269 1970 acrius
1282 1908 1368 1971 vobis

115 2079 123 2093 θ
222 2001 281 2062 1111
293 2000 505 2081 laborandum,
524 2005 716 2068 Venerabiles
734 2009 864 2084 Fratres,
883 2025 1047 2087 omnesque
1064 2007 1110 2068 vel
1129 2005 1299 2090 diligentia,
1320 2007 1367 2066 vel

210 2088 414 2162 ‘auctoritatis
432 2101 510 2163 vires
525 2103 691 2181 exerendae,
703 2109 736 2165 ut
747 2103 826 2165 hanc
842 2109 970 2181 tantam,
990 2123 1026 2165 ac
1044 2103 1082 2164 dc
1095 2102 1202 2163 divinis
1214 2102 1318 2179 etiam,
1337 2108 1368 2162 et

223 2197 418 2261 sanctissimis
431 2199 521 2261 rebus
535 2206 721 2280 grassantem
733 2201 943 2277 temeritatem,
962 2207 1051 2280 atque
1075 2198 1223 2260 insaniam
1238 2198 1368 2278 repella-

222 2294 271 2355 tis.
294 2296 361 2357 Non
375 2297 661 2379 incorruptibilibus
676 2319 712 2361 ac
725 2301 811 2361 vanis
821 2300 961 2361 humanae
975 2298 1129 2379 sapientia
1139 2297 1301 2378 praesidiis,
1316 2298 1368 2360 sed

222 2390 253 2452 in
267 2392 458 2474 simplicitate
470 2396 632 2475 doctrinae,
651 2416 686 2459 ac
700 2398 731 2459 in
749 2397 840 2460 verbo
856 2396 908 2458 Dei
919 2395 1148 2477 penetrabiliore
1168 2394 1250 2456 omni
1267 2395 1367 2475 gladio

223 2488 345 2570 ancipiti
356 2491 514 2555 dumtaxat
524 2512 577 2555 vos
593 2493 666 2557 illud
679 2501 895 2558 consecuturos
905 2493 1057 2554 confidite.
1071 2494 1150 2553 Tum
1164 2491 1299 2553 bostium
1313 2490 1369 2552 im·

222 2590 310 2662 petus
322 2604 460 2649 coercere
471 2588 559 2651 facilc
570 2591 724 2671 poteritis,
746 2598 837 2673 atque
849 2590 1089 2659 adversariorum
1109 2589 1170 2650 tela
1187 2588 1367 2677 retundere,

222 2698 292 2742 cum
307 2683 337 2744 in
351 2684 491 2748 omnibus
503 2686 691 2748 sermonibus
703 2688 809 2750 vestris
821 2690 926 2750 lesum
936 2687 1087 2751 Christum
1100 2685 1280 2750 crucifixum
1293 2705 1368 2769 prae·

222 2777 323 2840 seretis
333 2800 368 2841 ac
380 2781 591 2861 praedicabitis.
609 2783 677 2845 Suis
687 2783 736 2845 ille
747 2783 863 2863 legibus
876 2790 966 2865 atque
980 2784 1124 2846 institutis
1136 2791 1271 2846 sanctam
1288 2783 1369 2845 banc

221 2875 389 2954 civitatem,
403 2898 489 2940 suam
502 2880 645 2942 nimirum
659 2881 842 2958 Ecclesiam,
862 2881 1010 2959 condidit,
1026 2888 1057 2942 et
1076 2881 1284 2943 communivit.
1300 2882 1369 2942 Suae

222 2970 291 3031 fidei
309 2978 452 3052 tanquam
476 2975 648 3055 depositum
666 2983 748 3038 caste
765 2979 874 3057 pieque
894 2979 1125 3040 custodiendum
1141 2978 1212 3039 buic
1232 2976 1365 3038 tradidit.

223 3068 290 3129 Suae
303 3067 448 3132 doctrine
466 3091 502 3134 11
519 3072 653 3133 veritatis
673 3072 751 3134 11111
771 3093 834 3136 esse
850 3076 944 3136 voluit
966 3073 1174 3135 firmissimum
1192 3072 1368 3134 munimen-

222 3172 303 3242 tum,
318 3167 459 3229 adversus
472 3187 565 3249 quam
578 3175 673 3249 porta
688 3167 775 3232 interi
789 3188 943 3251 nunquam
962 3170 1168 3251 praevalerent.
1189 3171 1250 3231 Nos
1265 3169 1367 3248 igitur,

219 3266 413 3328 venerabiles
431 3269 566 3344 Fratres,
578 3266 709 3329 civitatis
727 3274 837 3330 sanctae
852 3266 1005 3344 Praesides,
1021 3285 1057 3328 ac
1070 3266 1173 3346 vigiles
1191 3266 1271 3328 hanc
1288 3267 1368 3345 eius-

220 3363 290 3424 dem
301 3363 466 3426 conditoris
478 3364 609 3442 bomini,
624 3383 661 3428 ac
674 3366 807 3446 magistri
818 3366 913 3428 nostri
926 3365 1038 3444 legum,
1049 3382 1085 3425 ac
1098 3363 1166 3425 lidei
1179 3362 1368 3444 praeclarissi-

221 3480 316 3540 mam,
331 3462 537 3523 hereditatem
549 3461 643 3525 Nobis
659 3482 714 3544 per
733 3463 863 3541 majores
876 3469 996 3525 nostros
1016 3460 1206 3540 integerrime
1224 3460 1367 3522 1111111111

221 3558 377 3640 diligenter
388 3567 539 3640 tueamur,
555 3580 590 3623 11
606 3563 646 3624 ad
657 3569 794 3644 posteros
808 3569 927 3626 nostros
938 3580 1065 3644 puram,
1081 3567 1171 3641 atquc
1184 3558 1367 3620 incolumem

222 3656 472 3720 transmittamus.
495 3658 542 3719 Ad
553 3658 633 3722 hanc
651 3659 681 3720 in
701 3659 800 3721 Sacris
813 3659 919 3720 litteris
938 3665 1094 3738 acceptam
1114 3674 1254 3718 normam
1271 3654 1365 3731 lactu,

221 3760 252 3814 et
269 3754 393 3816 consilia
404 3763 509 3818 nostra
519 3757 621 3819 omnia
632 3757 803 3836 dirigentes,
818 3764 962 3839 praeterea
975 3759 1099 3817 Patrum
1113 3760 1285 3816 nostrorum
1298 3770 1368 3814 cer-

223 3850 344 3914 tissimis
362 3853 538 3916 inherentes
557 3855 688 3935 vestigiis
704 3856 949 3918 instructissimos
963 3856 1025 3916 Nos
1037 3853 1155 3915 futuros
1168 3859 1310 3933 putemus
1327 3851 1366 3912 ad
1437 3863 1441 3871 '

222 3968 327 4011 omnes
350 3951 487 4014 vitandas
506 3952 707 4028 offensiones,
727 3952 965 4033 quachristiani
984 3950 1088 4032 populi
1108 3950 1199 4012 tidem
1212 3949 1367 4011 debilitare

223 4049 357 4129 possint,
373 4069 409 4111 ac
422 4049 599 4130 infringere,
618 4058 708 4130 atque
724 4051 861 4112 Ecclesia
874 4051 1019 4112 imitatem
1036 4050 1096 4111 ulla
1110 4068 1147 4111 ex
1161 4055 1246 4128 parte
1257 4045 1368 4108 dissol-

222 4165 301 4208 vere.
313 4147 361 4208 Ab
376 4148 433 4209 illis
454 4148 560 4210 divina
577 4149 729 4230 sapientia
748 4149 898 4224 sontibus,
921 4147 1034 4228 scripta
1055 4146 1183 4219 scilicet,
1197 4142 1368 4223 traditaque

224 4241 359 4305 doctrina
367 4291 375 4320 ,
383 4263 578 4325 quacumque
588 4245 649 4306 sive
661 4246 700 4307 ad
712 4245 894 4308 credendum
904 4293 912 4324 ,
923 4246 984 4308 sive
999 4245 1036 4306 ad
1049 4241 1200 4321 agendum
1213 4240 1368 4320 requirun-

224 4341 285 4412 tur,
299 4339 509 4401 tantummodo
522 4340 706 4403 hauriamus.

266 4433 299 4494 ln
311 4435 430 4511 gemino
447 4438 527 4498 enim
542 4437 599 4499 boc
618 4439 852 4519 locupletissimo
867 4439 998 4502 veritatis
1012 4455 1047 4498 ac
1062 4436 1179 4499 virtutis
1193 4436 1292 4498 omnis
1304 4435 1368 4496 ins-
