3194 5354
323 497 375 548 m
751 486 954 544 CLEMENTIS
969 486 1035 542 XIV

323 596 467 660 tuendam
478 595 610 658 maxime
624 597 775 675 spectant,
797 592 846 653 cui
856 609 950 673 quam
969 591 1031 653 vim
1042 609 1079 653 ae
1091 592 1239 656 rationem
1251 593 1352 658 inesse
1365 595 1473 662 intelli-

318 713 441 776 gamus,
456 694 543 756 facile
560 698 646 773 potes
657 696 688 752 et
705 708 741 752 ex
757 688 916 770 Encyclica
928 695 1032 750 nostra
1044 688 1110 767 J'am
1128 689 1245 771 pridem
1259 691 1298 754 ad
1311 692 1472 778 episcopos

316 791 399 868 datu,
418 798 449 853 et
467 809 506 852 ex
526 789 592 870 ipso
605 786 664 848 hoc
678 785 789 847 nuncio
807 802 870 847 non
891 790 955 846 tarn
970 802 1171 864 cognoscere,
1189 804 1261 848 cum
1274 786 1305 849 id
1326 788 1383 852 tibi
1397 809 1472 872 per-

316 896 454 969 spectum
470 904 536 949 esse
558 884 679 959 debeat,
692 900 785 963 quam
805 880 902 961 magIs
915 880 1070 963 magisque
1083 881 1266 945 confirmari.
1283 886 1372 959 Quod
1398 887 1466 967 tibi,

301 994 304 999 '
315 970 501 1048 Venerabilis
518 985 635 1060 Frater,
646 998 702 1061 pro
713 987 766 1041 tuo
777 985 808 1041 ct
820 979 851 1041 in
867 977 1011 1058 Ecclesia,
1021 987 1052 1042 et
1067 980 1098 1042 in
1114 980 1172 1043 ista
1185 980 1290 1043 inclita
1300 984 1471 1064 Republica

315 1099 439 1144 munere
460 1089 491 1143 et
510 1079 655 1160 dignitate
679 1083 801 1157 gratum
824 1094 890 1138 esse
914 1075 1019 1154 debet,
1043 1084 1156 1159 tuaque
1178 1079 1282 1143 omnia
1305 1081 1410 1144 studia
1428 1082 1468 1145 ad

314 1196 439 1260 operam
458 1179 528 1240 illuc
553 1186 639 1241 tuam
661 1175 811 1258 precipue
834 1172 1048 1236 conserendam
1069 1174 1268 1239 inflammare.
1295 1177 1348 1239 Ille
1372 1196 1468 1258 porro

315 1273 465 1353 ejusmodi
476 1274 520 1335 vir
531 1279 588 1350 eat,
602 1271 652 1334 cui
664 1271 704 1335 ad
713 1270 831 1352 generis
846 1270 1033 1333 nobilitatem
1044 1271 1213 1335 maximum
1226 1273 1320 1335 deciis
1337 1292 1376 1336 ex
1391 1293 1466 1338 om-

313 1369 421 1450 nigena
437 1369 574 1432 docuiua
592 1387 629 1431 ac
645 1369 753 1431 virtute
773 1368 957 1449 adjungitur,
976 1387 1128 1450 quemque
1149 1371 1210 1432 Nos
1223 1378 1383 1451 propterea
1404 1390 1463 1435 suo

314 1466 422 1528 merito
445 1483 563 1547 semper
574 1464 744 1527 dileximus.
760 1467 889 1527 Demum
907 1465 938 1526 in
952 1464 1109 1544 siugularis
1120 1470 1229 1529 nostre
1247 1466 1464 1532 benevolentire

313 1562 627 1648 pignnsepostolicanr
638 1562 877 1627 benedictionem
884 1561 1073 1625 Fraternitali
1084 1568 1143 1625 tue
1151 1570 1341 1644 peramanter
1352 1563 1467 1646 imper·

196 1733 199 1738 ,
313 1663 416 1726 timur.
433 1667 546 1726 Datum
564 1665 677 1734 Romu,
696 1661 828 1733 etr.,die
851 1672 885 1722 tt
908 1662 1017 1739 aprilis
1036 1671 1125 1736 tm,
1151 1663 1343 1740 pontificatus
1368 1668 1469 1725 nostra·

313 1778 395 1822 oneo
412 1764 512 1823 tertio.

348 1883 452 1941 Fodem
464 1881 615 1955 Exemplo;
632 1881 842 1954 Archiep'ucopo
856 1880 1044 1954 leopoliensi3
1058 1882 1192 1955 Episcopo
1202 1878 1371 1952 Chlodmsi3
1384 1883 1465 1956 Epis·

313 1987 383 2046 copo
400 1972 578 2032 cremnensi.

689 2201 692 2204 ⁴
816 2208 968 2281 CXCVII.

714 2366 908 2410 versum!
930 2366 1046 2410 raum

498 2471 704 2535 ruuctlno
723 2470 1027 2533 Altclsslll’lstlot’o
1048 2469 1269 2540 alumnum,

376 2583 595 2636 nemetensi
621 2588 665 2635 ur
690 2586 874 2636 reocuusr
895 2587 1029 2637 corius
1051 2586 1194 2636 nussns
1216 2586 1392 2646 estuari,

622 2688 856 2768 CLEMENS
882 2692 1011 2770 PAPA
1036 2690 1144 2770 XIV.

1067 2844 1163 2903 Rome,
1181 2846 1210 2891 tt
1222 2839 1305 2903 aprilis
1321 2843 1391 2892 1772.

352 2939 548 3010 Venerabilis,
560 2947 617 3003 ete.
633 2938 681 3001 Ad
700 2938 891 3003 carissimum
905 2939 936 3002 in
946 2937 1063 3001 Christo
1076 2936 1174 3001 llliurn
1188 2942 1330 2999 nostrum
1344 2935 1460 3000 StauIs-

305 3038 388 3100 laum
404 3041 575 3120 Augustum
590 3038 720 3102 Polouie
735 3041 847 3120 Regem
863 3040 1030 3115 illustrem,
1050 3055 1088 3100 ac
1108 3035 1147 3099 ad
1170 3041 1303 3098 vestram
1318 3034 1460 3098 inclitam

304 3135 522 3216 rempublicam
544 3135 692 3198 mittimus
710 3136 920 3199 Venerabilem
946 3136 1082 3196 Fratrem
1104 3133 1270 3215 losephum
1291 3132 1459 3214 archiepis:

304 3249 415 3313 oopum
423 3232 536 3313 Beryti,
551 3231 603 3312 qui
618 3231 758 3294 ordinarii
772 3231 882 3305 nostri,
895 3237 926 3293 et
937 3231 1115 3311 Apostolice
1128 3229 1211 3293 Sedis
1224 3229 1326 3293 nuncii
1345 3247 1458 3291 munus

304 3327 393 3389 isthIc
412 3328 511 3390 obeat.
533 3328 665 3390 Maxima
685 3330 715 3390 ln
728 3348 783 3406 eo,
807 3336 908 3411 prater
929 3329 1047 3409 generis
1075 3327 1285 3410 splendorem,
1308 3326 1455 3389 virtutum

303 3429 480 3485 ornamenta
503 3429 583 3500 sunt,
609 3443 645 3486 ac
665 3424 704 3486 ad
724 3424 904 3505 singularem
922 3425 1093 3489 doctrinam
1106 3431 1137 3487 et
1154 3424 1347 3507 prudentIam
1364 3421 1456 3483 miri-

302 3518 394 3582 lleum
411 3519 531 3601 pietatis
552 3537 589 3582 ac
605 3520 755 3600 religiouIs
775 3522 1119 3604 ,studiumadjungitun
1138 3521 1262 3586 Miulme
1282 3520 1372 3602 Igitur
1386 3537 1455 3582 am-

301 3615 402 3696 bigere
422 3633 599 3696 possumus,
622 3614 694 3697 quio
715 3615 773 3679 hac
792 3616 942 3699 precipue
961 3617 1000 3681 de
1022 3636 1115 3680 causa
1136 3614 1455 3681 commendatissimus

302 3713 380 3775 idem
394 3713 449 3774 tibi
463 3712 511 3791 sit,
531 3713 582 3793 qui
603 3731 660 3795 pro
682 3714 844 3796 episcopali
856 3714 957 3778 officio
975 3733 1081 3779 ornnes
1100 3716 1234 3778 actiones
1253 3722 1322 3778 tuas
1342 3715 1381 3778 ad
1401 3715 1453 3777 di-

300 3810 403 3872 vinam
413 3810 550 3890 gloriam,
564 3811 603 3873 ad
621 3811 802 3874 catholicam
815 3812 927 3875 scilicet
941 3811 1101 3874 fidemhoc
1110 3819 1249 3893 tempore
1260 3810 1456 3892 potissimum

300 3908 437 3971 conferre
447 3907 575 3986 debeas;
586 3910 682 3988 cujus,
693 3929 769 3990 que,
785 3910 949 3992 qualesque
959 3910 1092 3973 rationes
1100 3912 1171 3988 sint,
1185 3916 1216 3971 et
1229 3909 1291 3972 Nos
1303 3909 1456 3973 innostra

299 4005 434 4088 Epistola
445 4003 605 4084 Euryclim
618 4006 683 4083 jum
703 4006 821 4087 pridem
836 4007 1071 4086 declaravimus,
1084 4014 1115 4070 et
1132 4014 1235 4071 noster
1248 4006 1299 4070 hic
1319 4008 1455 4073 nuncius

300 4103 392 4182 idem,
402 4109 436 4165 ut
445 4108 600 4184 putamus,
613 4101 667 4163 lili
679 4103 837 4167 nobiscum
848 4104 985 4168 sentienti
999 4113 1105 4168 nostro
1113 4104 1237 4168 nourine
1247 4103 1454 4169 confirmabit.

300 4202 402 4282 ltaque
415 4207 446 4264 et
465 4198 647 4263 conlidimus
658 4201 722 4264 lore
740 4209 771 4264 et
783 4205 932 4282 majorem
950 4203 981 4265 in
997 4201 1454 4284 modumetiauralepelimus,

301 4301 335 4356 ut
351 4303 435 4360 tuam
447 4316 553 4380 opem,
569 4304 660 4380 atque
671 4318 798 4381 operam
810 4301 884 4382 ipsi,
898 4301 1150 4382 quotiescumque
1165 4319 1215 4363 res
1229 4300 1303 4364 leret
1315 4299 1453 4381 paratise·

300 4390 408 4452 simam
420 4412 486 4456 esse
500 4396 583 4474 velis,
596 4405 850 4479 peragentemque
861 4397 1005 4460 mandata
1020 4405 1124 4460 nostra
1136 4397 1295 4478 diligenter
1311 4396 1454 4477 adjuves,

301 4506 367 4568 quae
383 4487 451 4550 illuc
464 4491 549 4554 unice
561 4501 713 4573 spectant,
727 4500 759 4557 ut
780 4492 922 4585 incolumi
938 4493 1079 4574 religione
1097 4492 1242 4575 pristinus
1262 4492 1294 4556 iu
1317 4492 1454 4559 inclitam
