3194 5354
475 482 656 538 EPlSTOLAE
673 481 718 535 ΕΤ
736 481 869 536 suavis
888 482 1124 539 sutherrona.
1335 493 1369 544 25

226 592 307 670 mus,
318 591 417 653 nullus
425 588 518 650 Nobis
528 586 621 649 latior
630 603 727 666 neque
736 586 897 664 jocundior
905 587 1005 648 illuxit
1011 587 1188 668 dies,quam
1201 609 1262 670 quo
1275 610 1370 673 nuper

227 688 433 772 optatissimus
444 686 573 748 nuncius
584 685 624 746 de
642 684 741 746 dilecti
753 684 806 746 filii
817 685 926 747 nobilis
934 686 990 747 viri
1001 687 1153 749 Wilhelmi
1165 688 1306 769 principis
1312 710 1371 771 pa-

226 788 311 851 latini
322 787 360 849 ad
369 776 549 849 catholicam
560 782 725 845 Ecclesiam
735 781 833 845 reditu
844 789 876 845 et
889 784 929 845 ah
943 783 1037 864 ipsius
1045 784 1190 865 principis
1204 786 1326 864 litteris,
1340 795 1371 849 et

199 944 202 948 ,
227 907 245 948 a
263 886 372 948 dilecto
389 884 452 945 tilio
467 880 771 946 Marchionerlnticic
782 881 947 943 nobilitatis
968 888 1027 943 tuat
1036 881 1175 943 ministro
1185 883 1370 963 plenipoten-

226 984 314 1046 tiario
333 983 370 1045 ad
384 984 445 1045 Nos'
457 982 514 1044 luit
522 980 650 1042 delatus.
669 979 790 1042 Laetitiae
806 979 926 1043 aNobis
939 998 976 1042 ea
988 998 1081 1042 causa
1098 987 1243 1061 suscepte
1257 983 1371 1062 magni-

224 1080 358 1143 tudinem
372 1096 472 1160 neque
483 1079 630 1139 inclusam
638 1077 729 1139 tacite
740 1077 833 1140 animi
847 1097 935 1141 sensu
948 1078 1100 1140 continere
1115 1098 1292 1160 possumus,
1314 1099 1371 1143 ne-

225 1196 284 1259 que
292 1177 440 1239 habemus
451 1174 575 1255 quicum
583 1175 808 1237 convenientius
820 1194 856 1237 ac
863 1176 1018 1256 libentius,
1030 1194 1122 1258 quam
1130 1196 1201 1239 curn
1214 1178 1370 1241 nobilitate

224 1283 278 1337 tua
295 1273 564 1337 communicemus.
587 1275 630 1334 Te
650 1273 731 1334 enim
748 1274 934 1355 praecipuum
953 1275 1063 1356 egregii
1083 1275 1198 1338 consilii
1217 1282 1370 1339 auctorem

224 1391 259 1435 ac
271 1389 426 1434 suasorem
434 1365 561 1451 principi
570 1369 715 1448 extitisse,
724 1376 755 1432 tc
768 1370 954 1453 adjutorem,
966 1373 1076 1434 ducem
1084 1392 1120 1434 ac
1128 1372 1269 1435 comitem
1279 1375 1381 1450 divini.

224 1469 397 1551 perficiendi
407 1468 506 1549 operis
513 1468 750 1548 ruissepraclare
756 1469 1101 1550 novimus.Quapropter
1107 1469 1207 1548 gaudii
1217 1472 1311 1532 nostri
1317 1491 1369 1551 per

227 1567 406 1648 sapientiam
421 1576 506 1628 tuam
518 1582 732 1645 summumque
748 1565 780 1626 iu
790 1566 971 1628 catholicam
984 1565 1075 1628 tidem
1093 1566 1226 1628 studium
1236 1569 1368 1649 percepti

224 1667 286 1727 vim
302 1685 337 1727 ac
357 1665 477 1746 copiam
495 1671 596 1726 tecum
613 1663 778 1744 presertim
800 1664 976 1744 dividimus,
994 1665 1048 1726 tihi
1064 1665 1176 1727 mirum
1195 1666 1227 1726 in
1243 1666 1368 1728 modum

223 1765 420 1845 gratulamur,
435 1758 481 1826 ac'
491 1763 529 1825 de
541 1768 603 1824 tam
620 1762 762 1843 singulari
780 1768 834 1824 tuo
847 1763 877 1824 in
890 1765 952 1826 Nos
970 1769 1001 1825 et
1014 1763 1178 1825 Ecclesiam
1197 1765 1368 1827 universam

194 1934 200 1943 ,
222 1862 331 1924 merito
349 1861 479 1942 gratias,
498 1879 574 1941 quas
591 1861 739 1922 maximas
757 1879 917 1941 possumus
937 1867 969 1922 et
990 1862 1142 1925 reddimus
1158 1868 1189 1925 et
1206 1862 1365 1924 habemus.

224 1959 403 2021 Existimare
413 1975 485 2019 sane
496 1957 599 2034 debes,
613 1957 686 2019 nihil
695 1976 732 2019 ea
741 1976 774 2019 re
786 1957 826 2019 ad
836 1977 940 2021 veram
949 1977 985 2021 ac
1000 1960 1127 2022 solidam
1136 1961 1261 2041 gloriam
1280 1980 1367 2022 com-

224 2057 391 2138 parandam
405 2058 504 2136 majus
523 2077 541 2118 a
561 2063 591 2117 te
607 2057 672 2118 tisri
688 2058 839 2137 potuisse,
851 2059 925 2120 nihil
943 2059 982 2120 ad
992 2060 1083 2122 decus
1102 2061 1211 2123 inclitae
1228 2061 1368 2141 palatine

222 2157 331 2219 domus
349 2157 508 2233 illustrius,
527 2156 601 2217 nihil
615 2156 761 2236 denique,
786 2176 847 2237 quo
866 2157 905 2222 de
927 2158 1075 2220 catholica
1097 2158 1238 2237 religione
1261 2158 1368 2218 melius

222 2255 331 2316 mereri
343 2273 458 2335 posses.
470 2256 514 2316 Ac
526 2272 637 2333 magna
653 2253 745 2315 Nobis
763 2272 831 2334 spes
849 2255 926 2316 inest
938 2257 1034 2316 heum
1044 2257 1113 2335 Opt.
1132 2257 1211 2318 Max.
1227 2273 1297 2315 curn
1315 2261 1367 2315 tua

223 2373 315 2434 opera
332 2354 391 2416 hoc
404 2352 549 2415 beneficio
563 2370 650 2413 suam
667 2351 832 2413 Ecclesiam
845 2353 1011 2430 ornaverit,
1030 2353 1135 2416 divinae
1153 2353 1255 2432 gratiae
1273 2352 1367 2414 uhcr-

222 2458 315 2513 tatem
333 2452 392 2514 alio
412 2450 500 2513 simili
521 2466 645 2511 munere
661 2467 715 2529 per
734 2455 763 2511 tc
782 2449 874 2511 etiam
893 2451 1164 2532 amplificaturum,
1184 2452 1305 2531 Nosque
1329 2451 1366 2513 do

222 2549 418 2612 cumulatiore
437 2547 590 2611 industriae
608 2554 669 2609 tuae
687 2547 789 2608 fructu
810 2547 842 2607 in
861 2548 952 2626 huius
969 2548 1112 2629 principis
1131 2548 1254 2629 palatini
1274 2548 1367 2610 fratrc

222 2648 334 2727 pariter
345 2645 384 2708 ad
393 2645 531 2708 Ecclesiae
550 2646 709 2708 veritatem
725 2645 897 2708 reducendo
908 2646 1074 2726 gavisuros.
1091 2648 1153 2708 llos
1165 2646 1219 2707 tihi
1240 2646 1366 2707 eximios

222 2763 378 2806 successus
391 2744 540 2806 exanimo
553 2743 703 2824 cupimus,
714 2761 808 2824 usque
821 2744 915 2806 nostri
930 2745 1122 2826 pontificatus
1134 2750 1272 2825 tempora
1285 2744 1367 2805 illus

221 2843 295 2903 trari
316 2842 507 2904 vehementer
529 2847 685 2922 optamus,
705 2847 795 2921 atque
817 2859 835 2902 a
854 2841 1127 2904 misericordiarum
1143 2843 1230 2902 Patre
1248 2841 1367 2920 flagita-

221 2957 300 2999 mus.
317 2941 381 3011 Qua
401 2938 438 3000 de
455 2957 487 3000 re
508 2938 630 3017 quidem
647 2944 678 2999 te
697 2939 842 3017 prolixius
861 2939 1012 3001 cohortari
1033 2957 1288 3018 supervacaneum
1306 2940 1366 3000 du-

222 3038 334 3112 cimus,
358 3054 429 3096 cum
450 3055 486 3095 eo
507 3035 607 3095 studio
627 3034 753 3095 mirifice
773 3040 805 3094 te
824 3053 889 3096 esse
913 3036 1068 3096 incensum
1093 3036 1366 3115 compertissimum

221 3133 397 3195 habeamus.
414 3130 557 3192 Posthac
568 3129 730 3210 singularia
741 3134 800 3190 tuae
810 3128 840 3189 in
852 3132 914 3192 Nos
926 3131 1151 3209 Ecclesiamque
1160 3130 1267 3192 merita
1280 3131 1366 3196 facile

221 3229 382 3312 perspicis,
404 3246 465 3308 quo
479 3226 580 3288 animo
595 3227 625 3287 in
639 3233 670 3287 te
685 3225 794 3302 simus,
817 3233 989 3308 quantaque
1006 3233 1036 3288 te
1058 3227 1192 3288 caritatis
1212 3230 1366 3308 magnitu-

221 3329 290 3390 dine
302 3343 531 3410 prosequamur,
544 3324 631 3403 cujus
644 3324 705 3384 vim
720 3323 872 3386 declarare
885 3326 981 3404 magis
994 3343 1054 3386 non
1072 3343 1249 3405 possumus,
1273 3346 1365 3407 quam

223 3425 385 3509 apostolica
398 3421 619 3499 benedictione,
634 3439 726 3502 quam
738 3422 804 3499 tihi,
820 3422 928 3483 dilecta
941 3422 982 3483 tili
1002 3421 1111 3484 nohilis
1130 3422 1187 3502 vir,
1201 3442 1366 3505 peraman-

224 3533 267 3586 ter
284 3521 482 3605 impertimur.
499 3523 613 3583 Dctum
622 3522 736 3592 Romae,
748 3526 819 3597 etc,
831 3522 880 3581 dte
891 3531 908 3579 9
922 3521 1096 3599 septembris
1108 3531 1195 3592 1769,
1207 3525 1366 3599 pontifica-

222 3629 269 3686 tas
281 3623 376 3683 nostri
387 3638 465 3681 anno
474 3622 587 3696 primo.

701 3728 885 3740 *—

730 3823 852 3892 XXIX.

479 3979 643 4022 canissmo
666 3979 699 4021 rn
722 3979 857 4021 cunrsro
880 3978 966 4022 ricto
990 3980 1107 4024 nosrno

396 4096 546 4156 canoto
570 4096 840 4157 fflsssuhtnult
860 4097 951 4157 REGI
973 4098 1191 4159 CATllOLICO

460 4219 461 4222 '
529 4222 763 4302 CLEMENS
789 4226 917 4301 ΡΑΡΑ
947 4226 1050 4302 XlV.

918 4387 1010 4445 Rornae,
1026 4386 1054 4432 rt
1067 4380 1207 4443 septembris
1218 4383 1285 4433 1769.

267 4479 447 4553 Carissirnc,
464 4489 519 4544 etc.
536 4482 746 4544 Gratissimum
757 4483 843 4543 nohis
857 4483 912 4543 luit
922 4501 958 4543 cx
969 4479 1190 4542 humanissimis
1200 4479 1363 4558 Majestatis
