<?xml version="1.0" encoding="UTF-8"?>
<!DOCTYPE html PUBLIC "-//W3C//DTD XHTML 1.0 Transitional//EN"
    "http://www.w3.org/TR/xhtml1/DTD/xhtml1-transitional.dtd">
<html xmlns="http://www.w3.org/1999/xhtml" xml:lang="en" lang="en">
 <head>
  <title>
</title>
<meta http-equiv="Content-Type" content="text/html;charset=utf-8" />
  <meta name='ocr-system' content='tesseract 3.04.00' />
  <meta name='ocr-capabilities' content='ocr_page ocr_carea ocr_par ocr_line ocrx_word'/>
</head>
<body>
  <div class='ocr_page' id='page_1' title='image "./clementisxivpon01clemgoog_0122.png"; bbox 0 0 3194 5354; ppageno 0'>
   <div class='ocr_carea' id='block_1_1' title="bbox 495 456 1389 518">
    <p class='ocr_par' dir='ltr' id='par_1_1' title="bbox 495 456 1389 518">
     <span class='ocr_line' id='line_1_1' title="bbox 495 456 1389 518; baseline 0.009 -8"><span class='ocrx_word' id='word_1_1' title='bbox 495 456 678 512; x_wconf 81' lang='lat' dir='ltr'><strong>El’lSTOLAE</strong></span> <span class='ocrx_word' id='word_1_2' title='bbox 695 457 741 512; x_wconf 85' lang='lat' dir='ltr'><strong>ET</strong></span> <span class='ocrx_word' id='word_1_3' title='bbox 758 457 893 514; x_wconf 81' lang='lat' dir='ltr'><strong>BREVlA</strong></span> <span class='ocrx_word' id='word_1_4' title='bbox 912 457 1144 514; x_wconf 80' lang='lat' dir='ltr'><strong>SELECTlOllA.</strong></span> <span class='ocrx_word' id='word_1_5' title='bbox 1340 469 1389 518; x_wconf 76' lang='grc'><strong>107</strong></span> 
     </span>
    </p>
   </div>
   <div class='ocr_carea' id='block_1_2' title="bbox 759 619 875 694">
    <p class='ocr_par' dir='ltr' id='par_1_2' title="bbox 759 619 875 694">
     <span class='ocr_line' id='line_1_2' title="bbox 759 619 875 694; baseline -0.026 -1"><span class='ocrx_word' id='word_1_6' title='bbox 759 619 875 694; x_wconf 86' lang='lat' dir='ltr'><strong>XClX.</strong></span> 
     </span>
    </p>
   </div>
   <div class='ocr_carea' id='block_1_3' title="bbox 504 776 1132 825">
    <p class='ocr_par' dir='ltr' id='par_1_3' title="bbox 504 776 1132 825">
     <span class='ocr_line' id='line_1_3' title="bbox 504 776 1132 825; baseline 0.011 -7"><span class='ocrx_word' id='word_1_7' title='bbox 504 776 670 819; x_wconf 65' lang='lat' dir='ltr'><strong>odalscalc</strong></span> <span class='ocrx_word' id='word_1_8' title='bbox 692 777 728 821; x_wconf 79' lang='grc'><strong>111</strong></span> <span class='ocrx_word' id='word_1_9' title='bbox 751 778 884 822; x_wconf 68' lang='lat' dir='ltr'><strong>cantaro</strong></span> <span class='ocrx_word' id='word_1_10' title='bbox 906 779 991 824; x_wconf 74' lang='lat' dir='ltr'><strong>mlo</strong></span> <span class='ocrx_word' id='word_1_11' title='bbox 1013 777 1132 825; x_wconf 68' lang='lat' dir='ltr'><strong>mosano</strong></span> 
     </span>
    </p>
   </div>
   <div class='ocr_carea' id='block_1_4' title="bbox 396 882 1240 1051">
    <p class='ocr_par' dir='ltr' id='par_1_4' title="bbox 396 882 1240 1051">
     <span class='ocr_line' id='line_1_4' title="bbox 396 882 1240 949; baseline 0.006 -5"><span class='ocrx_word' id='word_1_12' title='bbox 396 882 562 944; x_wconf 77' lang='lat' dir='ltr'><strong>tasurno</strong></span> <span class='ocrx_word' id='word_1_13' title='bbox 582 884 866 946; x_wconf 77' lang='lat' dir='ltr'><strong>PORTUGALLIAE</strong></span> <span class='ocrx_word' id='word_1_14' title='bbox 886 887 936 945; x_wconf 84' lang='lat' dir='ltr'><strong>ET</strong></span> <span class='ocrx_word' id='word_1_15' title='bbox 956 887 1240 949; x_wconf 70' lang='lat' dir='ltr'><strong>metusmetus</strong></span> 
     </span>
     <span class='ocr_line' id='line_1_5' title="bbox 636 1000 988 1051; baseline 0.009 -3"><span class='ocrx_word' id='word_1_16' title='bbox 636 1000 722 1048; x_wconf 82' lang='lat' dir='ltr'><strong>naor</strong></span> <span class='ocrx_word' id='word_1_17' title='bbox 744 1001 988 1051; x_wconf 81' lang='lat' dir='ltr'><strong>arnnnrssrno</strong></span> 
     </span>
    </p>
   </div>
   <div class='ocr_carea' id='block_1_5' title="bbox 547 1104 1071 1207">
    <p class='ocr_par' dir='ltr' id='par_1_5' title="bbox 547 1104 1071 1207">
     <span class='ocr_line' id='line_1_6' title="bbox 547 1104 1071 1207; baseline 0.006 -24"><span class='ocrx_word' id='word_1_18' title='bbox 547 1104 781 1189; x_wconf 71' lang='lat' dir='ltr'><strong>mauram</strong></span> <span class='ocrx_word' id='word_1_19' title='bbox 807 1108 937 1207; x_wconf 77' lang='lat' dir='ltr'><strong>rnen</strong></span> <span class='ocrx_word' id='word_1_20' title='bbox 963 1107 1071 1186; x_wconf 78' lang='lat' dir='ltr'><strong>xlv,</strong></span> 
     </span>
    </p>
   </div>
   <div class='ocr_carea' id='block_1_6' title="bbox 949 1257 1323 1320">
    <p class='ocr_par' dir='ltr' id='par_1_6' title="bbox 949 1257 1323 1320">
     <span class='ocr_line' id='line_1_7' title="bbox 949 1257 1323 1320; baseline 0 -12"><span class='ocrx_word' id='word_1_21' title='bbox 949 1259 1043 1316; x_wconf 67' lang='lat' dir='ltr'><strong>bama,</strong></span> <span class='ocrx_word' id='word_1_22' title='bbox 1056 1261 1086 1307; x_wconf 80' lang='lat' dir='ltr'><strong>to</strong></span> <span class='ocrx_word' id='word_1_23' title='bbox 1100 1257 1242 1320; x_wconf 65' lang='lat' dir='ltr'><strong>mannis</strong></span> <span class='ocrx_word' id='word_1_24' title='bbox 1255 1260 1323 1311; x_wconf 79' lang='lat'><strong>1770.</strong></span> 
     </span>
    </p>
   </div>
   <div class='ocr_carea' id='block_1_7' title="bbox 235 1365 1385 2032">
    <p class='ocr_par' dir='ltr' id='par_1_7' title="bbox 235 1365 1385 2032">
     <span class='ocr_line' id='line_1_8' title="bbox 284 1365 1385 1446; baseline 0.003 -20"><span class='ocrx_word' id='word_1_25' title='bbox 284 1366 456 1434; x_wconf 74' lang='lat' dir='ltr'><strong><em>Carissimo,</em></strong></span> <span class='ocrx_word' id='word_1_26' title='bbox 477 1371 534 1426; x_wconf 85' lang='lat' dir='ltr'><strong>eta.</strong></span> <span class='ocrx_word' id='word_1_27' title='bbox 548 1366 611 1427; x_wconf 88' lang='lat' dir='ltr'><strong>Etsi</strong></span> <span class='ocrx_word' id='word_1_28' title='bbox 624 1384 681 1446; x_wconf 91' lang='lat' dir='ltr'><strong>pro</strong></span> <span class='ocrx_word' id='word_1_29' title='bbox 696 1365 836 1444; x_wconf 80' lang='lat' dir='ltr'><strong>singulari</strong></span> <span class='ocrx_word' id='word_1_30' title='bbox 855 1366 1000 1446; x_wconf 77' lang='lat' dir='ltr'><strong>sapientia</strong></span> <span class='ocrx_word' id='word_1_31' title='bbox 1022 1372 1075 1426; x_wconf 94' lang='lat' dir='ltr'><strong>tua</strong></span> <span class='ocrx_word' id='word_1_32' title='bbox 1084 1411 1092 1442; x_wconf 96' lang='lat'><strong>,</strong></span> <span class='ocrx_word' id='word_1_33' title='bbox 1110 1372 1141 1426; x_wconf 92' lang='lat' dir='ltr'><strong>et</strong></span> <span class='ocrx_word' id='word_1_34' title='bbox 1154 1366 1264 1427; x_wconf 84' lang='lat' dir='ltr'><strong>eximia</strong></span> <span class='ocrx_word' id='word_1_35' title='bbox 1281 1367 1313 1428; x_wconf 95' lang='lat' dir='ltr'><strong>in</strong></span> <span class='ocrx_word' id='word_1_36' title='bbox 1324 1369 1385 1429; x_wconf 90' lang='lat' dir='ltr'><strong>Nos</strong></span> 
     </span>
     <span class='ocr_line' id='line_1_9' title="bbox 240 1463 1385 1545; baseline 0.006 -23"><span class='ocrx_word' id='word_1_37' title='bbox 240 1467 331 1542; x_wconf 87' lang='lat' dir='ltr'><strong>atque</strong></span> <span class='ocrx_word' id='word_1_38' title='bbox 344 1463 541 1543; x_wconf 89' lang='lat' dir='ltr'><strong>apostolicam</strong></span> <span class='ocrx_word' id='word_1_39' title='bbox 552 1463 659 1524; x_wconf 89' lang='lat' dir='ltr'><strong>Sedem</strong></span> <span class='ocrx_word' id='word_1_40' title='bbox 668 1463 778 1543; x_wconf 87' lang='lat' dir='ltr'><strong>pietate</strong></span> <span class='ocrx_word' id='word_1_41' title='bbox 792 1464 883 1530; x_wconf 87' lang='lat' dir='ltr'><strong>tantis</strong></span> <span class='ocrx_word' id='word_1_42' title='bbox 896 1483 931 1525; x_wconf 91' lang='lat' dir='ltr'><strong>ac</strong></span> <span class='ocrx_word' id='word_1_43' title='bbox 941 1472 1005 1526; x_wconf 84' lang='lat' dir='ltr'><strong>tam</strong></span> <span class='ocrx_word' id='word_1_44' title='bbox 1013 1465 1172 1526; x_wconf 92' lang='lat' dir='ltr'><strong>luculentis</strong></span> <span class='ocrx_word' id='word_1_45' title='bbox 1185 1466 1300 1528; x_wconf 91' lang='lat' dir='ltr'><strong>indiciis</strong></span> <span class='ocrx_word' id='word_1_46' title='bbox 1307 1468 1385 1545; x_wconf 87' lang='lat' dir='ltr'><strong>jam-</strong></span> 
     </span>
     <span class='ocr_line' id='line_1_10' title="bbox 238 1562 1383 1644; baseline 0.003 -21"><span class='ocrx_word' id='word_1_47' title='bbox 238 1562 356 1642; x_wconf 86' lang='lat' dir='ltr'><strong>pridem</strong></span> <span class='ocrx_word' id='word_1_48' title='bbox 378 1563 470 1624; x_wconf 92' lang='lat' dir='ltr'><strong>Nobis</strong></span> <span class='ocrx_word' id='word_1_49' title='bbox 491 1563 610 1642; x_wconf 83' lang='lat' dir='ltr'><strong>cognita</strong></span> <span class='ocrx_word' id='word_1_50' title='bbox 626 1582 661 1623; x_wconf 91' lang='lat' dir='ltr'><strong>ac</strong></span> <span class='ocrx_word' id='word_1_51' title='bbox 674 1567 848 1644; x_wconf 86' lang='lat' dir='ltr'><strong>perspecta,</strong></span> <span class='ocrx_word' id='word_1_52' title='bbox 872 1580 992 1622; x_wconf 89' lang='lat' dir='ltr'><strong>summa</strong></span> <span class='ocrx_word' id='word_1_53' title='bbox 1015 1568 1105 1641; x_wconf 82' lang='lat' dir='ltr'><strong>atque</strong></span> <span class='ocrx_word' id='word_1_54' title='bbox 1124 1563 1307 1642; x_wconf 90' lang='lat' dir='ltr'><strong>amplissima</strong></span> <span class='ocrx_word' id='word_1_55' title='bbox 1318 1565 1383 1642; x_wconf 89' lang='lat' dir='ltr'><strong>jam</strong></span> 
     </span>
     <span class='ocr_line' id='line_1_11' title="bbox 238 1659 1382 1740; baseline 0.002 -20"><span class='ocrx_word' id='word_1_56' title='bbox 238 1659 339 1720; x_wconf 82' lang='lat' dir='ltr'><strong>omnia</strong></span> <span class='ocrx_word' id='word_1_57' title='bbox 363 1678 380 1720; x_wconf 90' lang='lat' dir='ltr'><strong>a</strong></span> <span class='ocrx_word' id='word_1_58' title='bbox 402 1659 494 1738; x_wconf 86' lang='lat' dir='ltr'><strong>Regia</strong></span> <span class='ocrx_word' id='word_1_59' title='bbox 513 1660 669 1737; x_wconf 74' lang='lat' dir='ltr'><strong>Maiestate</strong></span> <span class='ocrx_word' id='word_1_60' title='bbox 682 1661 748 1720; x_wconf 84' lang='lat' dir='ltr'><strong>Tua</strong></span> <span class='ocrx_word' id='word_1_61' title='bbox 767 1675 971 1740; x_wconf 82' lang='lat' dir='ltr'>speraremus,</span> <span class='ocrx_word' id='word_1_62' title='bbox 997 1662 1096 1718; x_wconf 91' lang='lat' dir='ltr'><strong>tamen</strong></span> <span class='ocrx_word' id='word_1_63' title='bbox 1115 1677 1152 1719; x_wconf 88' lang='lat' dir='ltr'><strong>ex</strong></span> <span class='ocrx_word' id='word_1_64' title='bbox 1175 1678 1270 1739; x_wconf 81' lang='lat' dir='ltr'><strong>nuper</strong></span> <span class='ocrx_word' id='word_1_65' title='bbox 1292 1661 1382 1722; x_wconf 88' lang='lat' dir='ltr'><strong>allato</strong></span> 
     </span>
     <span class='ocr_line' id='line_1_12' title="bbox 237 1753 1381 1836; baseline 0.002 -19"><span class='ocrx_word' id='word_1_66' title='bbox 237 1757 331 1818; x_wconf 89' lang='lat' dir='ltr'><strong>Nobis</strong></span> <span class='ocrx_word' id='word_1_67' title='bbox 351 1757 462 1818; x_wconf 91' lang='lat' dir='ltr'><strong>nuncio</strong></span> <span class='ocrx_word' id='word_1_68' title='bbox 485 1757 523 1817; x_wconf 92' lang='lat' dir='ltr'><strong>de</strong></span> <span class='ocrx_word' id='word_1_69' title='bbox 542 1756 722 1835; x_wconf 88' lang='lat' dir='ltr'><strong>reintegrata</strong></span> <span class='ocrx_word' id='word_1_70' title='bbox 741 1755 824 1818; x_wconf 90' lang='lat' dir='ltr'><strong>omni</strong></span> <span class='ocrx_word' id='word_1_71' title='bbox 846 1753 978 1836; x_wconf 81' lang='lat' dir='ltr'><strong>pristinae</strong></span> <span class='ocrx_word' id='word_1_72' title='bbox 1002 1754 1240 1832; x_wconf 80' lang='lat' dir='ltr'><strong>necessitudinis,</strong></span> <span class='ocrx_word' id='word_1_73' title='bbox 1256 1764 1381 1819; x_wconf 90' lang='lat' dir='ltr'><strong>mutuo-</strong></span> 
     </span>
     <span class='ocr_line' id='line_1_13' title="bbox 235 1853 1379 1937; baseline 0.001 -20"><span class='ocrx_word' id='word_1_74' title='bbox 235 1875 364 1937; x_wconf 89' lang='lat' dir='ltr'><strong>rumque</strong></span> <span class='ocrx_word' id='word_1_75' title='bbox 382 1856 461 1917; x_wconf 88' lang='lat' dir='ltr'><strong>inter</strong></span> <span class='ocrx_word' id='word_1_76' title='bbox 479 1857 541 1916; x_wconf 88' lang='lat' dir='ltr'><strong>Nos</strong></span> <span class='ocrx_word' id='word_1_77' title='bbox 562 1854 732 1915; x_wconf 83' lang='lat' dir='ltr'><strong>officiorum</strong></span> <span class='ocrx_word' id='word_1_78' title='bbox 752 1853 986 1929; x_wconf 89' lang='lat' dir='ltr'><strong>consuetudine,</strong></span> <span class='ocrx_word' id='word_1_79' title='bbox 1001 1858 1085 1913; x_wconf 86' lang='lat' dir='ltr'><strong>tanta</strong></span> <span class='ocrx_word' id='word_1_80' title='bbox 1105 1853 1258 1933; x_wconf 87' lang='lat' dir='ltr'><strong>voluptate</strong></span> <span class='ocrx_word' id='word_1_81' title='bbox 1279 1855 1379 1918; x_wconf 89' lang='lat' dir='ltr'><strong>allecti</strong></span> 
     </span>
     <span class='ocr_line' id='line_1_14' title="bbox 235 1948 1380 2032; baseline -0.002 -19"><span class='ocrx_word' id='word_1_82' title='bbox 235 1970 352 2029; x_wconf 89' lang='lat' dir='ltr'><strong>sumus,</strong></span> <span class='ocrx_word' id='word_1_83' title='bbox 365 1959 399 2012; x_wconf 88' lang='lat' dir='ltr'><strong>ut</strong></span> <span class='ocrx_word' id='word_1_84' title='bbox 411 1951 435 2011; x_wconf 89' lang='lat' dir='ltr'><strong>si</strong></span> <span class='ocrx_word' id='word_1_85' title='bbox 445 1968 525 2011; x_wconf 88' lang='lat' dir='ltr'><strong>nova</strong></span> <span class='ocrx_word' id='word_1_86' title='bbox 538 1957 628 2030; x_wconf 77' lang='lat' dir='ltr'><strong>atque</strong></span> <span class='ocrx_word' id='word_1_87' title='bbox 637 1950 827 2032; x_wconf 74' lang='lat' dir='ltr'><strong>inexpectata</strong></span> <span class='ocrx_word' id='word_1_88' title='bbox 839 1950 904 2013; x_wconf 84' lang='lat' dir='ltr'><strong>haec</strong></span> <span class='ocrx_word' id='word_1_89' title='bbox 915 1948 1007 2010; x_wconf 86' lang='lat' dir='ltr'><strong>Nobis</strong></span> <span class='ocrx_word' id='word_1_90' title='bbox 1018 1948 1222 2026; x_wconf 75' lang='lat' dir='ltr'><strong>contigissent,</strong></span> <span class='ocrx_word' id='word_1_91' title='bbox 1232 1950 1380 2028; x_wconf 85' lang='lat' dir='ltr'><strong>majorem</strong></span> 
     </span>
    </p>
   </div>
   <div class='ocr_carea' id='block_1_8' title="bbox 234 2042 1379 2219">
    <p class='ocr_par' dir='ltr' id='par_1_8' title="bbox 234 2042 1379 2219">
     <span class='ocr_line' id='line_1_15' title="bbox 235 2042 1379 2127; baseline -0.003 -18"><span class='ocrx_word' id='word_1_92' title='bbox 235 2048 341 2109; x_wconf 82' lang='lat' dir='ltr'><strong>latitia</strong></span> <span class='ocrx_word' id='word_1_93' title='bbox 355 2047 525 2127; x_wconf 85' lang='lat' dir='ltr'><strong>ubertatem</strong></span> <span class='ocrx_word' id='word_1_94' title='bbox 539 2045 645 2106; x_wconf 86' lang='lat' dir='ltr'><strong>alierre</strong></span> <span class='ocrx_word' id='word_1_95' title='bbox 666 2064 726 2106; x_wconf 92' lang='lat' dir='ltr'><strong>non</strong></span> <span class='ocrx_word' id='word_1_96' title='bbox 737 2045 915 2126; x_wconf 87' lang='lat' dir='ltr'><strong>potuissent.</strong></span> <span class='ocrx_word' id='word_1_97' title='bbox 930 2042 1190 2117; x_wconf 83' lang='lat' dir='ltr'><strong>Quemadmodum</strong></span> <span class='ocrx_word' id='word_1_98' title='bbox 1204 2044 1284 2105; x_wconf 91' lang='lat' dir='ltr'><strong>enim</strong></span> <span class='ocrx_word' id='word_1_99' title='bbox 1297 2052 1329 2106; x_wconf 91' lang='lat' dir='ltr'><strong>et</strong></span> <span class='ocrx_word' id='word_1_100' title='bbox 1342 2046 1379 2106; x_wconf 89' lang='lat' dir='ltr'><strong>ad</strong></span> 
     </span>
     <span class='ocr_line' id='line_1_16' title="bbox 234 2136 1379 2219; baseline -0.002 -18"><span class='ocrx_word' id='word_1_101' title='bbox 234 2139 328 2219; x_wconf 84' lang='lat' dir='ltr'><strong>Regni</strong></span> <span class='ocrx_word' id='word_1_102' title='bbox 342 2157 376 2200; x_wconf 90' lang='lat' dir='ltr'><strong>ac</strong></span> <span class='ocrx_word' id='word_1_103' title='bbox 388 2137 517 2200; x_wconf 91' lang='lat' dir='ltr'><strong>nominis</strong></span> <span class='ocrx_word' id='word_1_104' title='bbox 534 2137 577 2198; x_wconf 92' lang='lat' dir='ltr'><strong>tui</strong></span> <span class='ocrx_word' id='word_1_105' title='bbox 596 2137 739 2217; x_wconf 87' lang='lat' dir='ltr'><strong>gloriam,</strong></span> <span class='ocrx_word' id='word_1_106' title='bbox 752 2145 783 2200; x_wconf 87' lang='lat' dir='ltr'><strong>et</strong></span> <span class='ocrx_word' id='word_1_107' title='bbox 799 2138 837 2199; x_wconf 89' lang='lat' dir='ltr'><strong>ad</strong></span> <span class='ocrx_word' id='word_1_108' title='bbox 849 2137 987 2199; x_wconf 82' lang='lat' dir='ltr'><strong>Ecclesiae</strong></span> <span class='ocrx_word' id='word_1_109' title='bbox 1007 2136 1181 2215; x_wconf 91' lang='lat' dir='ltr'><strong>dignitatem</strong></span> <span class='ocrx_word' id='word_1_110' title='bbox 1199 2156 1379 2218; x_wconf 82' lang='lat' dir='ltr'><strong>magnopere</strong></span> 
     </span>
    </p>
   </div>
   <div class='ocr_carea' id='block_1_9' title="bbox 177 2235 1379 4556">
    <p class='ocr_par' dir='ltr' id='par_1_9' title="bbox 177 2235 1379 4556">
     <span class='ocr_line' id='line_1_17' title="bbox 233 2235 1379 2318; baseline 0.003 -20"><span class='ocrx_word' id='word_1_111' title='bbox 233 2237 381 2318; x_wconf 87' lang='lat' dir='ltr'><strong>pertinere</strong></span> <span class='ocrx_word' id='word_1_112' title='bbox 396 2237 629 2313; x_wconf 77' lang='lat' dir='ltr'><strong>arbitrabamur,</strong></span> <span class='ocrx_word' id='word_1_113' title='bbox 645 2241 734 2316; x_wconf 80' lang='lat' dir='ltr'><strong>atque</strong></span> <span class='ocrx_word' id='word_1_114' title='bbox 745 2235 859 2298; x_wconf 89' lang='lat' dir='ltr'><strong>idcirco</strong></span> <span class='ocrx_word' id='word_1_115' title='bbox 871 2253 991 2297; x_wconf 89' lang='lat' dir='ltr'><strong>summa</strong></span> <span class='ocrx_word' id='word_1_116' title='bbox 1007 2235 1159 2298; x_wconf 77' lang='lat' dir='ltr'><strong>alacritate</strong></span> <span class='ocrx_word' id='word_1_117' title='bbox 1171 2244 1261 2318; x_wconf 88' lang='lat' dir='ltr'><strong>atque</strong></span> <span class='ocrx_word' id='word_1_118' title='bbox 1273 2238 1379 2301; x_wconf 88' lang='lat' dir='ltr'><strong>ardore</strong></span> 
     </span>
     <span class='ocr_line' id='line_1_18' title="bbox 233 2330 1379 2417; baseline 0.003 -24"><span class='ocrx_word' id='word_1_119' title='bbox 233 2333 325 2394; x_wconf 88' lang='lat' dir='ltr'><strong>animi</strong></span> <span class='ocrx_word' id='word_1_120' title='bbox 336 2333 541 2417; x_wconf 89' lang='lat' dir='ltr'><strong>cupiebamus,</strong></span> <span class='ocrx_word' id='word_1_121' title='bbox 555 2337 589 2394; x_wconf 93' lang='lat' dir='ltr'><strong>ut</strong></span> <span class='ocrx_word' id='word_1_122' title='bbox 603 2330 763 2394; x_wconf 75' lang='lat' dir='ltr'><strong>manifesta</strong></span> <span class='ocrx_word' id='word_1_123' title='bbox 781 2331 944 2412; x_wconf 88' lang='lat' dir='ltr'><strong>aliquando</strong></span> <span class='ocrx_word' id='word_1_124' title='bbox 956 2331 1063 2394; x_wconf 85' lang='lat' dir='ltr'><strong>tierent</strong></span> <span class='ocrx_word' id='word_1_125' title='bbox 1081 2331 1221 2395; x_wconf 90' lang='lat' dir='ltr'><strong>omnibus</strong></span> <span class='ocrx_word' id='word_1_126' title='bbox 1238 2335 1379 2414; x_wconf 80' lang='lat' dir='ltr'><strong>praeclara</strong></span> 
     </span>
     <span class='ocr_line' id='line_1_19' title="bbox 232 2427 1379 2510; baseline 0.003 -19"><span class='ocrx_word' id='word_1_127' title='bbox 232 2435 285 2492; x_wconf 85' lang='lat' dir='ltr'><strong>tua</strong></span> <span class='ocrx_word' id='word_1_128' title='bbox 300 2431 330 2492; x_wconf 93' lang='lat' dir='ltr'><strong>in</strong></span> <span class='ocrx_word' id='word_1_129' title='bbox 344 2433 406 2493; x_wconf 85' lang='lat' dir='ltr'><strong>Nos</strong></span> <span class='ocrx_word' id='word_1_130' title='bbox 415 2430 525 2508; x_wconf 88' lang='lat' dir='ltr'><strong>studia,</strong></span> <span class='ocrx_word' id='word_1_131' title='bbox 539 2436 629 2510; x_wconf 84' lang='lat' dir='ltr'><strong>atquc</strong></span> <span class='ocrx_word' id='word_1_132' title='bbox 643 2428 737 2490; x_wconf 86' lang='lat' dir='ltr'><strong>Nobis</strong></span> <span class='ocrx_word' id='word_1_133' title='bbox 748 2429 877 2491; x_wconf 91' lang='lat' dir='ltr'><strong>invicem</strong></span> <span class='ocrx_word' id='word_1_134' title='bbox 890 2429 985 2492; x_wconf 88' lang='lat' dir='ltr'><strong>libera</strong></span> <span class='ocrx_word' id='word_1_135' title='bbox 1000 2446 1035 2490; x_wconf 90' lang='lat' dir='ltr'><strong>ac</strong></span> <span class='ocrx_word' id='word_1_136' title='bbox 1046 2427 1199 2508; x_wconf 76' lang='lat' dir='ltr'><strong>patefacta</strong></span> <span class='ocrx_word' id='word_1_137' title='bbox 1213 2439 1292 2493; x_wconf 87' lang='lat' dir='ltr'><strong>esset</strong></span> <span class='ocrx_word' id='word_1_138' title='bbox 1302 2433 1379 2495; x_wconf 87' lang='lat' dir='ltr'><strong>ratio</strong></span> 
     </span>
     <span class='ocr_line' id='line_1_20' title="bbox 231 2524 1379 2610; baseline -0.001 -20"><span class='ocrx_word' id='word_1_139' title='bbox 231 2535 363 2608; x_wconf 78' lang='lat' dir='ltr'><strong>paternae</strong></span> <span class='ocrx_word' id='word_1_140' title='bbox 373 2535 482 2590; x_wconf 80' lang='lat' dir='ltr'><strong>nostra</strong></span> <span class='ocrx_word' id='word_1_141' title='bbox 495 2527 568 2589; x_wconf 89' lang='lat' dir='ltr'><strong>inte</strong></span> <span class='ocrx_word' id='word_1_142' title='bbox 581 2526 819 2608; x_wconf 76' lang='lat' dir='ltr'><strong>propensissime</strong></span> <span class='ocrx_word' id='word_1_143' title='bbox 831 2524 1133 2605; x_wconf 81' lang='lat' dir='ltr'><strong>cumulatissimaqua</strong></span> <span class='ocrx_word' id='word_1_144' title='bbox 1146 2527 1307 2589; x_wconf 86' lang='lat' dir='ltr'><strong>voluntatis</strong></span> <span class='ocrx_word' id='word_1_145' title='bbox 1320 2549 1379 2610; x_wconf 83' lang='lat' dir='ltr'><strong>pa-</strong></span> 
     </span>
     <span class='ocr_line' id='line_1_21' title="bbox 233 2623 1379 2706; baseline 0.003 -19"><span class='ocrx_word' id='word_1_146' title='bbox 233 2627 294 2688; x_wconf 91' lang='lat' dir='ltr'><strong>lam</strong></span> <span class='ocrx_word' id='word_1_147' title='bbox 308 2626 461 2703; x_wconf 82' lang='lat' dir='ltr'><strong>lacienda,</strong></span> <span class='ocrx_word' id='word_1_148' title='bbox 477 2626 520 2687; x_wconf 89' lang='lat' dir='ltr'><strong>ita</strong></span> <span class='ocrx_word' id='word_1_149' title='bbox 538 2645 609 2688; x_wconf 90' lang='lat' dir='ltr'><strong>cum</strong></span> <span class='ocrx_word' id='word_1_150' title='bbox 624 2625 801 2706; x_wconf 89' lang='lat' dir='ltr'><strong>consequuti</strong></span> <span class='ocrx_word' id='word_1_151' title='bbox 812 2643 892 2687; x_wconf 92' lang='lat' dir='ltr'><strong>nunc</strong></span> <span class='ocrx_word' id='word_1_152' title='bbox 905 2623 979 2688; x_wconf 91' lang='lat' dir='ltr'><strong>illud</strong></span> <span class='ocrx_word' id='word_1_153' title='bbox 991 2641 1046 2705; x_wconf 88' lang='lat' dir='ltr'><strong>per</strong></span> <span class='ocrx_word' id='word_1_154' title='bbox 1062 2632 1092 2685; x_wconf 86' lang='lat' dir='ltr'><strong>te</strong></span> <span class='ocrx_word' id='word_1_155' title='bbox 1114 2624 1222 2702; x_wconf 86' lang='lat' dir='ltr'><strong>simus,</strong></span> <span class='ocrx_word' id='word_1_156' title='bbox 1237 2627 1379 2698; x_wconf 86' lang='lat' dir='ltr'><strong>inusitata</strong></span> 
     </span>
     <span class='ocr_line' id='line_1_22' title="bbox 232 2720 1378 2804; baseline 0.002 -20"><span class='ocrx_word' id='word_1_157' title='bbox 232 2724 354 2785; x_wconf 86' lang='lat' dir='ltr'><strong>omnino</strong></span> <span class='ocrx_word' id='word_1_158' title='bbox 374 2731 465 2804; x_wconf 89' lang='lat' dir='ltr'><strong>atque</strong></span> <span class='ocrx_word' id='word_1_159' title='bbox 479 2722 643 2785; x_wconf 85' lang='lat' dir='ltr'><strong>incredibili</strong></span> <span class='ocrx_word' id='word_1_160' title='bbox 655 2721 861 2802; x_wconf 85' lang='lat' dir='ltr'><strong>magnitudine</strong></span> <span class='ocrx_word' id='word_1_161' title='bbox 875 2720 1071 2800; x_wconf 85' lang='lat' dir='ltr'><strong>jucunditatis</strong></span> <span class='ocrx_word' id='word_1_162' title='bbox 1081 2720 1299 2802; x_wconf 84' lang='lat' dir='ltr'><strong>perfundimur.</strong></span> <span class='ocrx_word' id='word_1_163' title='bbox 1312 2727 1378 2798; x_wconf 87' lang='lat' dir='ltr'><strong>Quo</strong></span> 
     </span>
     <span class='ocr_line' id='line_1_23' title="bbox 231 2816 1377 2900; baseline 0 -18"><span class='ocrx_word' id='word_1_164' title='bbox 231 2821 351 2900; x_wconf 86' lang='lat' dir='ltr'><strong>egregio</strong></span> <span class='ocrx_word' id='word_1_165' title='bbox 367 2827 420 2882; x_wconf 92' lang='lat' dir='ltr'><strong>tuo</strong></span> <span class='ocrx_word' id='word_1_166' title='bbox 432 2821 514 2881; x_wconf 83' lang='lat' dir='ltr'><strong>iacto</strong></span> <span class='ocrx_word' id='word_1_167' title='bbox 532 2820 585 2880; x_wconf 91' lang='lat' dir='ltr'><strong>tibi</strong></span> <span class='ocrx_word' id='word_1_168' title='bbox 603 2818 818 2899; x_wconf 86' lang='lat' dir='ltr'><strong>gloriosissimo</strong></span> <span class='ocrx_word' id='word_1_169' title='bbox 827 2818 979 2898; x_wconf 83' lang='lat' dir='ltr'><strong>Nobisque</strong></span> <span class='ocrx_word' id='word_1_170' title='bbox 998 2816 1184 2896; x_wconf 79' lang='lat' dir='ltr'><strong>optatissimo</strong></span> <span class='ocrx_word' id='word_1_171' title='bbox 1196 2837 1281 2881; x_wconf 89' lang='lat' dir='ltr'><strong>amor</strong></span> <span class='ocrx_word' id='word_1_172' title='bbox 1301 2821 1331 2881; x_wconf 92' lang='lat' dir='ltr'><strong>iu</strong></span> <span class='ocrx_word' id='word_1_173' title='bbox 1347 2827 1377 2881; x_wconf 91' lang='lat' dir='ltr'><strong>te</strong></span> 
     </span>
     <span class='ocr_line' id='line_1_24' title="bbox 229 2902 1377 2996; baseline 0.003 -19"><span class='ocrx_word' id='word_1_174' title='bbox 229 2924 343 2993; x_wconf 86' lang='lat' dir='ltr'><strong>noster,</strong></span> <span class='ocrx_word' id='word_1_175' title='bbox 355 2917 406 2996; x_wconf 85' lang='lat' dir='ltr'><strong>qui</strong></span> <span class='ocrx_word' id='word_1_176' title='bbox 418 2935 555 2977; x_wconf 89' lang='lat' dir='ltr'><strong>summus</strong></span> <span class='ocrx_word' id='word_1_177' title='bbox 568 2934 686 2995; x_wconf 90' lang='lat' dir='ltr'><strong>semper</strong></span> <span class='ocrx_word' id='word_1_178' title='bbox 696 2915 813 2991; x_wconf 81' lang='lat' dir='ltr'><strong>iuerat,</strong></span> <span class='ocrx_word' id='word_1_179' title='bbox 828 2922 892 2977; x_wconf 91' lang='lat' dir='ltr'><strong>tam</strong></span> <span class='ocrx_word' id='word_1_180' title='bbox 909 2902 1035 2975; x_wconf 85' lang='lat' dir='ltr'><strong>mirifice</strong></span> <span class='ocrx_word' id='word_1_181' title='bbox 1052 2920 1097 2977; x_wconf 86' lang='lat' dir='ltr'><strong>est</strong></span> <span class='ocrx_word' id='word_1_182' title='bbox 1115 2923 1238 2992; x_wconf 89' lang='lat' dir='ltr'><strong>auctus,</strong></span> <span class='ocrx_word' id='word_1_183' title='bbox 1254 2927 1289 2978; x_wconf 87' lang='lat' dir='ltr'><strong>ut</strong></span> <span class='ocrx_word' id='word_1_184' title='bbox 1303 2918 1377 2980; x_wconf 90' lang='lat' dir='ltr'><strong>nihil</strong></span> 
     </span>
     <span class='ocr_line' id='line_1_25' title="bbox 229 3007 1378 3089; baseline 0.003 -19"><span class='ocrx_word' id='word_1_185' title='bbox 229 3010 340 3083; x_wconf 89' lang='lat' dir='ltr'><strong>carius,</strong></span> <span class='ocrx_word' id='word_1_186' title='bbox 352 3010 425 3070; x_wconf 90' lang='lat' dir='ltr'><strong>nihil</strong></span> <span class='ocrx_word' id='word_1_187' title='bbox 435 3009 598 3089; x_wconf 85' lang='lat' dir='ltr'><strong>jucundius</strong></span> <span class='ocrx_word' id='word_1_188' title='bbox 608 3010 785 3084; x_wconf 87' lang='lat' dir='ltr'><strong>babeamus,</strong></span> <span class='ocrx_word' id='word_1_189' title='bbox 797 3027 891 3088; x_wconf 86' lang='lat' dir='ltr'><strong>quam</strong></span> <span class='ocrx_word' id='word_1_190' title='bbox 904 3009 942 3069; x_wconf 90' lang='lat' dir='ltr'><strong>dc</strong></span> <span class='ocrx_word' id='word_1_191' title='bbox 954 3015 985 3069; x_wconf 89' lang='lat' dir='ltr'><strong>te</strong></span> <span class='ocrx_word' id='word_1_192' title='bbox 995 3007 1138 3086; x_wconf 86' lang='lat' dir='ltr'><strong>cogitare,</strong></span> <span class='ocrx_word' id='word_1_193' title='bbox 1151 3016 1181 3071; x_wconf 83' lang='lat' dir='ltr'><strong>te</strong></span> <span class='ocrx_word' id='word_1_194' title='bbox 1191 3009 1311 3086; x_wconf 89' lang='lat' dir='ltr'><strong>intueri,</strong></span> <span class='ocrx_word' id='word_1_195' title='bbox 1322 3031 1378 3073; x_wconf 90' lang='lat' dir='ltr'><strong>ac-</strong></span> 
     </span>
     <span class='ocr_line' id='line_1_26' title="bbox 229 3104 1376 3187; baseline 0.005 -21"><span class='ocrx_word' id='word_1_196' title='bbox 229 3106 377 3186; x_wconf 89' lang='lat' dir='ltr'><strong>tionisque</strong></span> <span class='ocrx_word' id='word_1_197' title='bbox 391 3113 449 3167; x_wconf 76' lang='lat' dir='ltr'><strong>tna</strong></span> <span class='ocrx_word' id='word_1_198' title='bbox 462 3105 666 3187; x_wconf 81' lang='lat' dir='ltr'><strong>praestantiam</strong></span> <span class='ocrx_word' id='word_1_199' title='bbox 683 3105 802 3167; x_wconf 87' lang='lat' dir='ltr'><strong>assiduo</strong></span> <span class='ocrx_word' id='word_1_200' title='bbox 814 3106 916 3166; x_wconf 90' lang='lat' dir='ltr'><strong>animo</strong></span> <span class='ocrx_word' id='word_1_201' title='bbox 928 3104 1090 3165; x_wconf 89' lang='lat' dir='ltr'><strong>recordari.</strong></span> <span class='ocrx_word' id='word_1_202' title='bbox 1108 3107 1311 3179; x_wconf 80' lang='lat' dir='ltr'><strong>Quamobrem</strong></span> <span class='ocrx_word' id='word_1_203' title='bbox 1323 3111 1376 3172; x_wconf 90' lang='lat' dir='ltr'><strong>tibi</strong></span> 
     </span>
     <span class='ocr_line' id='line_1_27' title="bbox 228 3204 1374 3291; baseline 0.006 -24"><span class='ocrx_word' id='word_1_204' title='bbox 228 3225 312 3287; x_wconf 73' lang='lat' dir='ltr'><strong>aque</strong></span> <span class='ocrx_word' id='word_1_205' title='bbox 326 3225 362 3268; x_wconf 91' lang='lat' dir='ltr'><strong>ac</strong></span> <span class='ocrx_word' id='word_1_206' title='bbox 377 3205 470 3269; x_wconf 87' lang='lat' dir='ltr'><strong>Nobis</strong></span> <span class='ocrx_word' id='word_1_207' title='bbox 485 3205 557 3286; x_wconf 89' lang='lat' dir='ltr'><strong>ipsis</strong></span> <span class='ocrx_word' id='word_1_208' title='bbox 570 3205 610 3266; x_wconf 89' lang='lat' dir='ltr'><strong>de</strong></span> <span class='ocrx_word' id='word_1_209' title='bbox 620 3204 774 3266; x_wconf 85' lang='lat' dir='ltr'><strong>excellenti</strong></span> <span class='ocrx_word' id='word_1_210' title='bbox 786 3211 837 3266; x_wconf 86' lang='lat' dir='ltr'><strong>tua</strong></span> <span class='ocrx_word' id='word_1_211' title='bbox 847 3205 948 3282; x_wconf 88' lang='lat' dir='ltr'><strong>laude,</strong></span> <span class='ocrx_word' id='word_1_212' title='bbox 961 3222 1053 3285; x_wconf 90' lang='lat' dir='ltr'><strong>quam</strong></span> <span class='ocrx_word' id='word_1_213' title='bbox 1062 3207 1193 3269; x_wconf 83' lang='lat' dir='ltr'><strong>maxime</strong></span> <span class='ocrx_word' id='word_1_214' title='bbox 1203 3227 1374 3291; x_wconf 88' lang='lat' dir='ltr'><strong>possumus,</strong></span> 
     </span>
     <span class='ocr_line' id='line_1_28' title="bbox 229 3303 1373 3392; baseline 0.008 -26"><span class='ocrx_word' id='word_1_215' title='bbox 229 3306 428 3384; x_wconf 84' lang='lat' dir='ltr'><strong>gratulamur,</strong></span> <span class='ocrx_word' id='word_1_216' title='bbox 443 3310 533 3384; x_wconf 88' lang='lat' dir='ltr'><strong>atque</strong></span> <span class='ocrx_word' id='word_1_217' title='bbox 546 3304 731 3364; x_wconf 88' lang='lat' dir='ltr'><strong>immortales</strong></span> <span class='ocrx_word' id='word_1_218' title='bbox 744 3303 799 3363; x_wconf 91' lang='lat' dir='ltr'><strong>tibi</strong></span> <span class='ocrx_word' id='word_1_219' title='bbox 816 3304 928 3383; x_wconf 91' lang='lat' dir='ltr'><strong>gratias</strong></span> <span class='ocrx_word' id='word_1_220' title='bbox 946 3312 977 3365; x_wconf 87' lang='lat' dir='ltr'><strong>et</strong></span> <span class='ocrx_word' id='word_1_221' title='bbox 996 3304 1148 3368; x_wconf 87' lang='lat' dir='ltr'><strong>reddimus</strong></span> <span class='ocrx_word' id='word_1_222' title='bbox 1160 3315 1190 3369; x_wconf 89' lang='lat' dir='ltr'><strong>et</strong></span> <span class='ocrx_word' id='word_1_223' title='bbox 1213 3309 1373 3392; x_wconf 87' lang='lat' dir='ltr'><strong>habemus,</strong></span> 
     </span>
     <span class='ocr_line' id='line_1_29' title="bbox 228 3399 1374 3481; baseline 0.008 -19"><span class='ocrx_word' id='word_1_224' title='bbox 228 3403 358 3480; x_wconf 74' lang='lat' dir='ltr'><strong>maiores</strong></span> <span class='ocrx_word' id='word_1_225' title='bbox 373 3410 475 3464; x_wconf 88' lang='lat' dir='ltr'><strong>tamen</strong></span> <span class='ocrx_word' id='word_1_226' title='bbox 490 3400 591 3463; x_wconf 86' lang='lat' dir='ltr'><strong>animo</strong></span> <span class='ocrx_word' id='word_1_227' title='bbox 607 3399 804 3480; x_wconf 90' lang='lat' dir='ltr'><strong>concipimus,</strong></span> <span class='ocrx_word' id='word_1_228' title='bbox 817 3418 909 3480; x_wconf 87' lang='lat' dir='ltr'><strong>quam</strong></span> <span class='ocrx_word' id='word_1_229' title='bbox 925 3401 1075 3481; x_wconf 84' lang='lat' dir='ltr'><strong>explicare</strong></span> <span class='ocrx_word' id='word_1_230' title='bbox 1085 3403 1147 3464; x_wconf 89' lang='lat' dir='ltr'><strong>ulla</strong></span> <span class='ocrx_word' id='word_1_231' title='bbox 1160 3405 1321 3469; x_wconf 89' lang='lat' dir='ltr'><strong>verborum</strong></span> <span class='ocrx_word' id='word_1_232' title='bbox 1339 3429 1374 3472; x_wconf 88' lang='lat' dir='ltr'><strong>ac</strong></span> 
     </span>
     <span class='ocr_line' id='line_1_30' title="bbox 229 3496 1375 3580; baseline 0.007 -21"><span class='ocrx_word' id='word_1_233' title='bbox 229 3499 371 3561; x_wconf 91' lang='lat' dir='ltr'><strong>orationis</strong></span> <span class='ocrx_word' id='word_1_234' title='bbox 395 3499 424 3559; x_wconf 90' lang='lat' dir='ltr'><strong>vi</strong></span> <span class='ocrx_word' id='word_1_235' title='bbox 442 3498 602 3579; x_wconf 88' lang='lat' dir='ltr'><strong>possimus.</strong></span> <span class='ocrx_word' id='word_1_236' title='bbox 625 3496 684 3558; x_wconf 86' lang='lat' dir='ltr'><strong>Sed</strong></span> <span class='ocrx_word' id='word_1_237' title='bbox 704 3497 854 3558; x_wconf 81' lang='lat' dir='ltr'><strong>Christum</strong></span> <span class='ocrx_word' id='word_1_238' title='bbox 868 3497 1041 3574; x_wconf 87' lang='lat' dir='ltr'><strong>Dominum,</strong></span> <span class='ocrx_word' id='word_1_239' title='bbox 1063 3499 1150 3577; x_wconf 88' lang='lat' dir='ltr'><strong>cujus</strong></span> <span class='ocrx_word' id='word_1_240' title='bbox 1172 3501 1283 3580; x_wconf 89' lang='lat' dir='ltr'><strong>vicem,</strong></span> <span class='ocrx_word' id='word_1_241' title='bbox 1306 3505 1375 3568; x_wconf 86' lang='lat' dir='ltr'><strong>licet</strong></span> 
     </span>
     <span class='ocr_line' id='line_1_31' title="bbox 228 3595 1373 3681; baseline 0.007 -24"><span class='ocrx_word' id='word_1_242' title='bbox 228 3596 416 3681; x_wconf 81' lang='lat' dir='ltr'><strong>immerentes</strong></span> <span class='ocrx_word' id='word_1_243' title='bbox 430 3596 612 3657; x_wconf 89' lang='lat' dir='ltr'><strong>sustinemus</strong></span> <span class='ocrx_word' id='word_1_244' title='bbox 625 3595 731 3656; x_wconf 79' lang='lat' dir='ltr'><strong>divina</strong></span> <span class='ocrx_word' id='word_1_245' title='bbox 749 3613 811 3656; x_wconf 84' lang='lat' dir='ltr'><strong>sua</strong></span> <span class='ocrx_word' id='word_1_246' title='bbox 829 3595 930 3675; x_wconf 80' lang='lat' dir='ltr'><strong>gratia</strong></span> <span class='ocrx_word' id='word_1_247' title='bbox 950 3595 1060 3657; x_wconf 87' lang='lat' dir='ltr'><strong>divitiis</strong></span> <span class='ocrx_word' id='word_1_248' title='bbox 1080 3605 1110 3659; x_wconf 88' lang='lat' dir='ltr'><strong>te</strong></span> <span class='ocrx_word' id='word_1_249' title='bbox 1131 3616 1186 3677; x_wconf 92' lang='lat' dir='ltr'><strong>pro</strong></span> <span class='ocrx_word' id='word_1_250' title='bbox 1204 3599 1373 3678; x_wconf 89' lang='lat' dir='ltr'><strong>ingentibus</strong></span> 
     </span>
     <span class='ocr_line' id='line_1_32' title="bbox 177 3694 1373 3780; baseline 0.003 -23"><span class='ocrx_word' id='word_1_251' title='bbox 177 3772 181 3780; x_wconf 28' lang='grc' dir='ltr'>Ι</span> <span class='ocrx_word' id='word_1_252' title='bbox 226 3697 389 3760; x_wconf 87' lang='lat' dir='ltr'><strong>histnisde</strong></span> <span class='ocrx_word' id='word_1_253' title='bbox 402 3696 617 3759; x_wconf 86' lang='lat' dir='ltr'><strong>Nobismeritis</strong></span> <span class='ocrx_word' id='word_1_254' title='bbox 635 3700 898 3756; x_wconf 89' lang='lat' dir='ltr'><strong>remuneraturum</strong></span> <span class='ocrx_word' id='word_1_255' title='bbox 916 3694 1106 3756; x_wconf 85' lang='lat' dir='ltr'><strong>confidimus.</strong></span> <span class='ocrx_word' id='word_1_256' title='bbox 1123 3695 1174 3755; x_wconf 90' lang='lat' dir='ltr'><strong>llle</strong></span> <span class='ocrx_word' id='word_1_257' title='bbox 1188 3701 1218 3756; x_wconf 84' lang='lat' dir='ltr'><strong>ta</strong></span> <span class='ocrx_word' id='word_1_258' title='bbox 1229 3702 1373 3778; x_wconf 86' lang='lat' dir='ltr'><strong>tuamque</strong></span> 
     </span>
     <span class='ocr_line' id='line_1_33' title="bbox 227 3791 1372 3877; baseline 0.004 -23"><span class='ocrx_word' id='word_1_259' title='bbox 227 3795 338 3874; x_wconf 88' lang='lat' dir='ltr'><strong>regiam</strong></span> <span class='ocrx_word' id='word_1_260' title='bbox 352 3796 477 3857; x_wconf 92' lang='lat' dir='ltr'><strong>domum</strong></span> <span class='ocrx_word' id='word_1_261' title='bbox 493 3814 528 3856; x_wconf 87' lang='lat' dir='ltr'><strong>ex</strong></span> <span class='ocrx_word' id='word_1_262' title='bbox 546 3793 639 3854; x_wconf 87' lang='lat' dir='ltr'><strong>veteri</strong></span> <span class='ocrx_word' id='word_1_263' title='bbox 657 3792 809 3869; x_wconf 72' lang='lat' dir='ltr'><strong>Maiarum</strong></span> <span class='ocrx_word' id='word_1_264' title='bbox 826 3797 949 3853; x_wconf 90' lang='lat' dir='ltr'><strong>tucrum</strong></span> <span class='ocrx_word' id='word_1_265' title='bbox 965 3791 1112 3869; x_wconf 87' lang='lat' dir='ltr'><strong>instituto,</strong></span> <span class='ocrx_word' id='word_1_266' title='bbox 1128 3793 1269 3872; x_wconf 90' lang='lat' dir='ltr'><strong>religione</strong></span> <span class='ocrx_word' id='word_1_267' title='bbox 1283 3803 1372 3877; x_wconf 81' lang='lat' dir='ltr'><strong>atque</strong></span> 
     </span>
     <span class='ocr_line' id='line_1_34' title="bbox 226 3888 1371 3972; baseline 0.002 -21"><span class='ocrx_word' id='word_1_268' title='bbox 226 3892 255 3952; x_wconf 92' lang='lat' dir='ltr'><strong>in</strong></span> <span class='ocrx_word' id='word_1_269' title='bbox 266 3892 428 3954; x_wconf 87' lang='lat' dir='ltr'><strong>Ecclesiam</strong></span> <span class='ocrx_word' id='word_1_270' title='bbox 444 3892 555 3972; x_wconf 84' lang='lat' dir='ltr'><strong>pictate</strong></span> <span class='ocrx_word' id='word_1_271' title='bbox 572 3908 607 3951; x_wconf 91' lang='lat' dir='ltr'><strong>ac</strong></span> <span class='ocrx_word' id='word_1_272' title='bbox 618 3889 719 3950; x_wconf 90' lang='lat' dir='ltr'><strong>studio</strong></span> <span class='ocrx_word' id='word_1_273' title='bbox 734 3889 1009 3969; x_wconf 67' lang='lat' dir='ltr'><strong>praestantissimam</strong></span> <span class='ocrx_word' id='word_1_274' title='bbox 1021 3888 1157 3967; x_wconf 82' lang='lat' dir='ltr'><strong>prasidio</strong></span> <span class='ocrx_word' id='word_1_275' title='bbox 1177 3908 1231 3951; x_wconf 91' lang='lat' dir='ltr'><strong>suo</strong></span> <span class='ocrx_word' id='word_1_276' title='bbox 1252 3898 1371 3953; x_wconf 88' lang='lat' dir='ltr'><strong>tueatur</strong></span> 
     </span>
     <span class='ocr_line' id='line_1_35' title="bbox 226 3984 1370 4068; baseline 0.002 -22"><span class='ocrx_word' id='word_1_277' title='bbox 226 3994 315 4068; x_wconf 86' lang='lat' dir='ltr'><strong>atque</strong></span> <span class='ocrx_word' id='word_1_278' title='bbox 341 3988 468 4050; x_wconf 90' lang='lat' dir='ltr'><strong>muniat.</strong></span> <span class='ocrx_word' id='word_1_279' title='bbox 489 3988 540 4049; x_wconf 92' lang='lat' dir='ltr'><strong>llle</strong></span> <span class='ocrx_word' id='word_1_280' title='bbox 562 3986 749 4047; x_wconf 87' lang='lat' dir='ltr'><strong>carissimam</strong></span> <span class='ocrx_word' id='word_1_281' title='bbox 776 3986 804 4045; x_wconf 89' lang='lat' dir='ltr'><strong>in</strong></span> <span class='ocrx_word' id='word_1_282' title='bbox 832 3985 949 4045; x_wconf 84' lang='lat' dir='ltr'><strong>Christo</strong></span> <span class='ocrx_word' id='word_1_283' title='bbox 971 3984 1064 4045; x_wconf 89' lang='lat' dir='ltr'><strong>filiam</strong></span> <span class='ocrx_word' id='word_1_284' title='bbox 1088 3993 1222 4049; x_wconf 89' lang='lat' dir='ltr'><strong>nostram</strong></span> <span class='ocrx_word' id='word_1_285' title='bbox 1244 3987 1370 4048; x_wconf 77' lang='lat' dir='ltr'><strong>blaciam</strong></span> 
     </span>
     <span class='ocr_line' id='line_1_36' title="bbox 225 4083 1372 4163; baseline 0.002 -17"><span class='ocrx_word' id='word_1_286' title='bbox 225 4089 342 4147; x_wconf 78' lang='lat' dir='ltr'><strong>Annam</strong></span> <span class='ocrx_word' id='word_1_287' title='bbox 359 4084 524 4146; x_wconf 87' lang='lat' dir='ltr'><strong>Victoriam</strong></span> <span class='ocrx_word' id='word_1_288' title='bbox 543 4085 702 4163; x_wconf 82' lang='lat' dir='ltr'><strong>conjugem</strong></span> <span class='ocrx_word' id='word_1_289' title='bbox 720 4089 805 4143; x_wconf 88' lang='lat' dir='ltr'><strong>tuam</strong></span> <span class='ocrx_word' id='word_1_290' title='bbox 822 4083 965 4162; x_wconf 84' lang='lat' dir='ltr'><strong>Reginam</strong></span> <span class='ocrx_word' id='word_1_291' title='bbox 981 4083 1196 4146; x_wconf 86' lang='lat' dir='ltr'><strong>Fidelissimam</strong></span> <span class='ocrx_word' id='word_1_292' title='bbox 1218 4105 1254 4145; x_wconf 91' lang='lat' dir='ltr'><strong>ac</strong></span> <span class='ocrx_word' id='word_1_293' title='bbox 1272 4087 1372 4148; x_wconf 86' lang='lat' dir='ltr'><strong>Dilec-</strong></span> 
     </span>
     <span class='ocr_line' id='line_1_37' title="bbox 224 4181 1369 4260; baseline 0.006 -20"><span class='ocrx_word' id='word_1_294' title='bbox 224 4182 354 4246; x_wconf 84' lang='lat' dir='ltr'><strong>tissimos</strong></span> <span class='ocrx_word' id='word_1_295' title='bbox 368 4184 399 4246; x_wconf 92' lang='lat' dir='ltr'><strong>in</strong></span> <span class='ocrx_word' id='word_1_296' title='bbox 413 4183 529 4244; x_wconf 88' lang='lat' dir='ltr'><strong>Christo</strong></span> <span class='ocrx_word' id='word_1_297' title='bbox 544 4182 621 4243; x_wconf 86' lang='lat' dir='ltr'><strong>tilios</strong></span> <span class='ocrx_word' id='word_1_298' title='bbox 634 4187 753 4242; x_wconf 88' lang='lat' dir='ltr'><strong>nostros</strong></span> <span class='ocrx_word' id='word_1_299' title='bbox 768 4181 900 4260; x_wconf 88' lang='lat' dir='ltr'><strong>optimos</strong></span> <span class='ocrx_word' id='word_1_300' title='bbox 917 4181 1028 4242; x_wconf 87' lang='lat' dir='ltr'><strong>liberos</strong></span> <span class='ocrx_word' id='word_1_301' title='bbox 1041 4188 1110 4242; x_wconf 90' lang='lat' dir='ltr'><strong>tuos</strong></span> <span class='ocrx_word' id='word_1_302' title='bbox 1129 4182 1211 4243; x_wconf 90' lang='lat' dir='ltr'><strong>omni</strong></span> <span class='ocrx_word' id='word_1_303' title='bbox 1226 4181 1369 4246; x_wconf 89' lang='lat' dir='ltr'><strong>virtutum</strong></span> 
     </span>
     <span class='ocr_line' id='line_1_38' title="bbox 224 4278 1370 4359; baseline 0.007 -22"><span class='ocrx_word' id='word_1_304' title='bbox 224 4278 311 4341; x_wconf 90' lang='lat' dir='ltr'><strong>laude</strong></span> <span class='ocrx_word' id='word_1_305' title='bbox 323 4279 465 4341; x_wconf 88' lang='lat' dir='ltr'><strong>tlorentes</strong></span> <span class='ocrx_word' id='word_1_306' title='bbox 477 4280 528 4340; x_wconf 87' lang='lat' dir='ltr'><strong>tibi</strong></span> <span class='ocrx_word' id='word_1_307' title='bbox 532 4326 541 4359; x_wconf 89' lang='lat'><strong>,</strong></span> <span class='ocrx_word' id='word_1_308' title='bbox 556 4288 585 4339; x_wconf 85' lang='lat' dir='ltr'><strong>te</strong></span> <span class='ocrx_word' id='word_1_309' title='bbox 600 4278 656 4338; x_wconf 90' lang='lat' dir='ltr'><strong>illis</strong></span> <span class='ocrx_word' id='word_1_310' title='bbox 670 4278 796 4338; x_wconf 87' lang='lat' dir='ltr'><strong>invicem</strong></span> <span class='ocrx_word' id='word_1_311' title='bbox 811 4280 893 4356; x_wconf 86' lang='lat' dir='ltr'><strong>regni</strong></span> <span class='ocrx_word' id='word_1_312' title='bbox 906 4287 1009 4340; x_wconf 89' lang='lat' dir='ltr'><strong>sancte</strong></span> <span class='ocrx_word' id='word_1_313' title='bbox 1022 4280 1204 4357; x_wconf 81' lang='lat' dir='ltr'><strong>feliciterque</strong></span> <span class='ocrx_word' id='word_1_314' title='bbox 1222 4280 1370 4345; x_wconf 89' lang='lat' dir='ltr'><strong>adminis-</strong></span> 
     </span>
     <span class='ocr_line' id='line_1_39' title="bbox 222 4376 1369 4462; baseline 0.006 -26"><span class='ocrx_word' id='word_1_315' title='bbox 222 4376 295 4437; x_wconf 89' lang='lat' dir='ltr'><strong>trari</strong></span> <span class='ocrx_word' id='word_1_316' title='bbox 311 4377 406 4456; x_wconf 90' lang='lat' dir='ltr'><strong>gloria</strong></span> <span class='ocrx_word' id='word_1_317' title='bbox 422 4379 644 4440; x_wconf 90' lang='lat' dir='ltr'><strong>ornatissimum</strong></span> <span class='ocrx_word' id='word_1_318' title='bbox 658 4376 824 4438; x_wconf 88' lang='lat' dir='ltr'><strong>diutissime</strong></span> <span class='ocrx_word' id='word_1_319' title='bbox 846 4387 944 4440; x_wconf 87' lang='lat' dir='ltr'><strong>servet</strong></span> <span class='ocrx_word' id='word_1_320' title='bbox 964 4378 1155 4439; x_wconf 86' lang='lat' dir='ltr'><strong>incolumem.</strong></span> <span class='ocrx_word' id='word_1_321' title='bbox 1179 4381 1264 4441; x_wconf 84' lang='lat' dir='ltr'><strong>lianc</strong></span> <span class='ocrx_word' id='word_1_322' title='bbox 1287 4384 1369 4462; x_wconf 91' lang='lat' dir='ltr'><strong>opti-</strong></span> 
     </span>
     <span class='ocr_line' id='line_1_40' title="bbox 221 4473 1366 4556; baseline 0.003 -22"><span class='ocrx_word' id='word_1_323' title='bbox 221 4490 305 4534; x_wconf 88' lang='lat' dir='ltr'><strong>mam</strong></span> <span class='ocrx_word' id='word_1_324' title='bbox 314 4482 403 4555; x_wconf 88' lang='lat' dir='ltr'><strong>atque</strong></span> <span class='ocrx_word' id='word_1_325' title='bbox 411 4475 664 4556; x_wconf 80' lang='lat' dir='ltr'><strong>expeditissimam</strong></span> <span class='ocrx_word' id='word_1_326' title='bbox 672 4473 831 4534; x_wconf 79' lang='lat' dir='ltr'><strong>reserenda</strong></span> <span class='ocrx_word' id='word_1_327' title='bbox 839 4475 891 4534; x_wconf 90' lang='lat' dir='ltr'><strong>tibi</strong></span> <span class='ocrx_word' id='word_1_328' title='bbox 900 4476 1000 4552; x_wconf 84' lang='lat' dir='ltr'><strong>gratia</strong></span> <span class='ocrx_word' id='word_1_329' title='bbox 1010 4475 1088 4534; x_wconf 81' lang='lat' dir='ltr'><strong>riam</strong></span> <span class='ocrx_word' id='word_1_330' title='bbox 1098 4491 1161 4536; x_wconf 89' lang='lat' dir='ltr'><strong>esse</strong></span> <span class='ocrx_word' id='word_1_331' title='bbox 1174 4478 1366 4553; x_wconf 87' lang='lat' dir='ltr'><strong>arbitramur,</strong></span> 
     </span>
    </p>
   </div>
   <div class='ocr_carea' id='block_1_10' title="bbox 0 0 1602 5354">
    <p class='ocr_par' dir='ltr' id='par_1_10' title="bbox 0 0 1602 5354">
     <span class='ocr_line' id='line_1_41' title="bbox 0 0 1602 5354; baseline 0 8"><span class='ocrx_word' id='word_1_332' title='bbox 0 0 1602 5354; x_wconf 95' lang='lat' dir='ltr'><strong> </strong></span> 
     </span>
    </p>
   </div>
  </div>
 </body>
</html>
