3194 5354
226 437 276 487 m
656 428 862 485 murmuras
880 428 945 482 xlv

224 534 315 599 animi
337 534 432 596 nostri
454 534 693 614 jucunditatem,
719 552 813 613 quam
836 532 1034 613 percipimus,
1063 531 1319 616 quotiescumque
1336 534 1377 598 de

221 630 413 694 dilectissima
429 631 460 691 in
479 631 597 692 (bristo
617 630 678 692 tilia
697 637 803 692 nostra
824 628 946 710 Aleysia
966 627 1062 689 Maria
1082 627 1180 708 Regia
1190 629 1375 693 Gallicanum

221 726 402 807 Principissa
412 732 465 788 tna
479 727 551 788 item
565 745 619 807 per
628 745 750 789 carnem
764 726 827 788 lilia
838 726 1019 806 cogitamus,
1028 725 1111 806 quod
1120 725 1245 807 quidem
1256 729 1376 801 assidue

221 823 364 898 iacimus,
378 841 557 904 semperque
576 823 664 884 nobis
683 824 861 885 obversatur
874 832 944 884 aute
957 823 1063 884 oeulos
1080 821 1283 885 clarissimum
1301 824 1379 887 illud·

222 919 350 995 virtutis,
365 918 516 998 religionis
541 938 577 982 ac
599 919 766 982 sanctitatis
788 919 972 999 exemplum,
998 917 1083 999 qnod
1104 925 1136 980 et
1159 918 1221 981 boc
1243 920 1376 984 mamma

221 1026 310 1081 ornat
323 1019 459 1081 seculum
470 1024 612 1096 'nostrum
627 1024 658 1080 et
674 1017 712 1080 ad
729 1023 868 1097 posteros
886 1015 1001 1078 illustre
1016 1034 1053 1078 ac
1064 1033 1125 1097 pra
1138 1016 1247 1080 ceteris
1259 1036 1376 1081 menno

221 1115 350 1181 randum
374 1117 596 1179 transmittitur.
626 1118 712 1178 Nunc
740 1133 813 1178 vcro
835 1133 906 1176 eum
929 1113 1109 1196 propiorem
1126 1114 1192 1192 iam
1215 1115 1375 1179 uideamus

222 1213 307 1275 illum
327 1213 419 1290 diem,
433 1231 495 1293 quo
509 1212 574 1293 ipsu
591 1218 698 1274 exacto
713 1212 791 1274 sacri
811 1210 951 1288 tyrocinii
971 1229 1050 1273 anno
1064 1210 1183 1273 Christo
1195 1230 1309 1294 sponso
1319 1231 1375 1276 ao-

221 1308 370 1371 lemnibus
380 1327 412 1370 se
422 1308 500 1371 votis
509 1300 688 1388 obstringet,
698 1307 874 1370 incredibile
886 1325 959 1370 sane
975 1314 1032 1385 est,
1043 1307 1200 1371 mussime
1211 1308 1244 1371 in
1256 1309 1376 1372 Cbriste

222 1403 264 1465 iili
280 1411 393 1481 noster,
408 1411 554 1485 quantum
577 1403 609 1465 iu
628 1403 722 1465 Nobis
736 1403 879 1466 exuberet
901 1403 1064 1484 gaudium,
1119 1411 1253 1487 anteque
1267 1405 1375 1469 inocu-

221 1499 330 1567 damur
351 1501 499 1565 desiderio
517 1501 651 1563 letitiam
674 1502 753 1563 banc
772 1508 909 1564 nostram
930 1508 1033 1563 tecum
1053 1502 1316 1581 communicandi,
1337 1522 1374 1566 ac

222 1596 349 1675 iterum,
369 1596 627 1678 quemadmodum
646 1604 736 1659 antea
754 1596 898 1674 lecimus,
919 1615 1039 1659 summa
1059 1597 1373 1678 atqucimmensatibi

221 1694 429 1772 gratulationis
440 1713 476 1756 ac
488 1693 670 1757 laudationis
689 1694 789 1756 officia
805 1693 1004 1775 persolvendi.
1026 1696 1070 1756 Te
1091 1694 1177 1756 enim
1190 1695 1373 1761 eximieillre

222 1791 342 1854 laetandi
365 1812 462 1855 cause
483 1793 606 1874 propius
627 1792 790 1872 attingunt,
810 1792 862 1873 qui
878 1798 963 1853 tuam
980 1791 1220 1855 arrrmrtissimam
1232 1792 1372 1856 sobolem

223 1893 348 1956 intueris
367 1899 431 1955 tam
452 1892 651 1971 singularibus
673 1891 782 1953 divinae
802 1889 904 1970 gratia
927 1889 1016 1952 donis
1036 1891 1224 1952 cumulatam
1242 1907 1278 1952 ac
1298 1891 1373 1972 plu*

222 1989 332 2053 rimam
347 1988 410 2069 ipse
422 1988 516 2050 habes
528 1988 559 2050 in
573 1987 683 2051 eximio
704 1987 763 2049 isto
774 1986 853 2047 iacto
871 1992 1002 2066 partem,
1023 2004 1094 2047 cum
1112 1984 1221 2047 divinis
1241 1977 1373 2048 consiliis

222 2087 354 2150 rationes
365 2093 433 2148 tuas
443 2104 548 2150 omnes
560 2084 739 2166 posthabere
751 2081 891 2146 volneris.
901 2084 1092 2163 Quamquam
1105 2082 1178 2163 quid
1187 2083 1236 2146 uel
1250 2083 1312 2145 tuis
1324 2085 1371 2145 vel

223 2192 281 2246 tna
301 2184 405 2264 Regiae
420 2186 543 2261 Domus
563 2190 652 2263 alque
670 2180 845 2262 amplissimi
861 2181 955 2259 Regni
968 2181 1153 2258 rationibus,
1171 2183 1374 2263 opportunius

222 2298 431 2360 &uuquam
442 2285 542 2361 potest
552 2297 644 2359 quam
654 2277 733 2339 illius
742 2295 811 2357 quae
818 2282 951 2338 vestrum
961 2275 1180 2339 studiosissima
1191 2276 1242 2354 sit,
1250 2279 1373 2358 lleotpre

223 2375 278 2455 ipsi
293 2375 505 2454 acceptissima
525 2373 714 2436 assiduarum
733 2391 858 2454 precum
876 2371 1010 2434 subsidio
1030 2372 1232 2435 communiri?
1246 2372 1375 2437 Mirifice

222 2469 323 2551 itaque
344 2471 375 2532 iu
389 2488 426 2532 eo
445 2477 476 2532 et
493 2469 643 2549 religionis
667 2475 697 2531 et
716 2468 868 2551 sapientie
884 2475 945 2530 tua
957 2468 1062 2531 laudes
1076 2470 1195 2532 elucent
1209 2476 1301 2550 teque
1322 2469 1372 2531 id·

221 2569 304 2633 circo
318 2570 449 2649 optimos
463 2589 528 2633 esse
547 2570 656 2633 divinae
669 2570 861 2650 benignitatis
878 2570 994 2633 iunctm
1007 2578 1039 2632 et
1056 2571 1198 2652 privatim
1208 2579 1240 2633 et
1251 2570 1372 2653 publice

220 2673 445 2749 reportaturum
465 2669 630 2732 certissime
651 2668 842 2731 confidimus.
867 2670 943 2731 Curn
970 2668 1060 2748 igitur
1081 2669 1215 2734 maxima
1241 2668 1311 2732 inde
1332 2669 1371 2732 ad

221 2764 360 2842 laudem,
376 2784 412 2827 ac
428 2765 601 2827 felicitatem
619 2770 705 2828 tuam
719 2765 783 2828 lieri
797 2766 999 2828 accessionem
1017 2765 1235 2846 intelligamus,
1255 2774 1375 2848 quanto

221 2881 383 2944 possumus
409 2863 500 2930 animi
521 2863 616 2926 nostri
638 2863 735 2925 studio
761 2863 853 2925 etiam
874 2870 965 2945 atque
987 2863 1079 2925 etiam
1097 2862 1151 2924 tibi
1166 2865 1367 2944 gratulamur,

221 2978 340 3041 imaque
362 2961 392 3023 iu
415 2960 661 3023 communionem
679 2961 843 3042 qnamdam
866 2960 1054 3037 accedimns,
1073 2966 1205 3042 patarum
1222 2962 1369 3040 jucnndi—

220 3057 1007 3140 tatistnaeacnostroetiamjmeplurimamejusdem
1015 3057 1369 3141 NosipsiNobispartem

222 3174 407 3236 arrogamus.
420 3157 565 3235 Maiorem
576 3155 657 3219 euim
670 3173 741 3218 eum
754 3154 947 3217 dilectissime
957 3154 989 3215 in
1000 3153 1118 3217 Christo
1129 3155 1192 3218 lilia
1202 3163 1305 3218 nostra
1316 3175 1367 3219 nc-

221 3251 433 3314 cessitudinem
450 3254 542 3315 Nobis
559 3261 625 3315 turn
649 3253 881 3315 intercessuram
902 3251 1039 3314 videmus
1044 3275 1054 3330 ;
1073 3253 1161 3330 cujus
1179 3260 1214 3314 ut
1236 3252 1366 3334 potiores

220 3348 313 3409 etiam
326 3349 487 3411 existerent
498 3369 612 3427 causae,
627 3350 731 3413 adesse
743 3351 805 3412 Nos
822 3348 890 3430 ipsi,
908 3367 944 3411 ac
955 3367 1081 3430 praesse
1097 3356 1189 3412 tantae
1202 3351 1366 3414 celebritati

220 3464 414 3526 cuperemus,
433 3453 523 3527 atque
535 3447 672 3528 excipere
689 3448 720 3509 in
732 3466 841 3510 manus
859 3454 1058 3528 nostrasque
1072 3447 1217 3512 solemnia
1230 3449 1370 3513 eritvota

219 3543 370 3624 religionis
383 3544 539 3607 emissura.
551 3544 628 3607 linio
641 3544 798 3626 cupiditati
810 3553 920 3608 nostran
933 3545 1078 3608 mirificus
1098 3546 1215 3609 accedit
1226 3547 1368 3611 stimulus

218 3662 256 3705 cx
274 3643 325 3705 ina
336 3644 528 3724 cogitatione,
544 3643 626 3725 quod
640 3650 681 3721 te,
700 3643 854 3705 carissime
871 3643 902 3705 in
916 3644 1035 3706 Christo
1046 3643 1087 3706 fili
1106 3650 1222 3723 noster,
1233 3650 1300 3707 tum
1320 3647 1369 3708 al-

219 3739 312 3818 loqui,
325 3747 356 3802 te
368 3740 541 3822 complecti,
555 3740 608 3802 tibi
621 3758 724 3802 coram
739 3746 842 3801 nostra
853 3739 891 3801 de
904 3746 951 3817 te,
970 3741 1089 3820 tuisque
1101 3742 1244 3804 omuibus
1254 3743 1366 3820 studia,

218 3833 272 3895 tibi
291 3843 450 3916 paternum
467 3837 548 3899 huuc
567 3837 702 3899 animum
726 3855 762 3900 ac
787 3837 951 3899 Pontificiae
974 3838 1108 3899 caritatis
1128 3839 1368 3918 magnitudinem

219 3931 302 3992 vultu
316 3931 381 4012 ipso
394 3939 483 4013 atque
497 3935 591 3997 oculis
602 3934 783 3997 emicantem
797 3952 974 4015 expromere
987 3941 1078 4014 alque
1090 3934 1218 3997 invicem
1233 3954 1368 4017 prasen-

219 4026 299 4089 tibus
312 4028 480 4108 religionis,
504 4029 535 4091 iu
550 4048 605 4092 uos
616 4029 737 4112 pietatis
749 4035 839 4110 atque
852 4029 1049 4091 humanitatis
1060 4035 1118 4090 tue
1130 4029 1305 4093 clarissimis
1316 4030 1368 4094 in-

218 4123 303 4186 diciis
317 4124 459 4188 delectari
469 4126 582 4188 liceret.
596 4126 723 4188 Sedhoc
737 4145 797 4188 nou
811 4127 867 4188 nisi
882 4135 987 4208 optare
997 4147 1033 4191 ac
1046 4127 1159 4208 fingere
1168 4129 1260 4192 mam
1271 4130 1368 4192 Nobis

220 4220 258 4279 ud
272 4222 410 4285 solatium
423 4241 596 4304 possumus3
613 4221 686 4284 illud
706 4240 777 4284 uero
791 4223 845 4284 etsi
865 4223 1003 4285 absentes
1016 4223 1150 4303 legitima
1169 4222 1302 4304 quadam
1315 4242 1378 4301 ra-¹

219 4314 300 4376 tione
315 4319 530 4395 prestabimus.
551 4317 719 4399 Delegimus
741 4320 821 4381 euim
842 4321 1051 4381 venerabilem
1073 4322 1209 4382 Fratrem
1234 4322 1367 4383 Bernar-

218 4411 325 4475 dinum
342 4416 608 4499 archiepiscopum
632 4420 850 4481 Damasceuuur
873 4426 1008 4480 nostrum
1028 4419 1109 4499 apud
1127 4427 1156 4482 te
1174 4419 1366 4483 Ordinarium
