3180 5354
479 546 661 600 EPlSTOLAE
678 547 724 600 ET
742 547 875 601 BREVlA
892 548 1123 604 sansschoua.
1324 557 1374 606 1:33

229 650 413 711 auferantur.
433 648 481 711 ad
499 650 578 712 banc
592 649 681 730 igitur
699 650 778 712 riam
796 651 994 714 finiendarum
1017 654 1114 715 litium
1135 654 1260 717 libenter
1274 657 1374 718 susei-

228 747 370 827 piendam
382 764 453 808 cum
469 751 572 808 nostra
584 746 756 809 hortatione
774 765 835 809 non
856 748 1000 829 indigeas,
1020 750 1092 812 illuc
1114 752 1325 831 convertimur,
1341 761 1374 815 ut

228 862 264 905 ea
277 851 305 906 te
318 844 481 925 plurimum
496 843 657 925 profecisse
674 847 898 926 quamprimum
911 866 929 908 a
943 847 1048 928 teipso
1061 849 1204 911 certiores
1217 850 1281 911 fieri
1293 851 1375 931 cupi·

227 944 366 1006 dissimos
381 946 441 1005 Nos
458 962 524 1006 esse
539 944 750 1023 significemus.
769 946 891 1007 Interim
907 946 937 1007 in
953 947 1116 1009 Pontifioiae
1134 948 1291 1028 singularis
1305 969 1375 1028 erga

228 1048 257 1102 te
279 1041 490 1103 benevolentia
508 1041 616 1120 pignus
639 1040 835 1120 apostolicam
856 1042 1096 1106 benedictionem
1116 1044 1186 1122 tibi,
1208 1046 1313 1107 dilecte
1333 1047 1373 1107 tili

227 1146 339 1217 noster,
350 1147 467 1220 tuaeque
479 1139 548 1211 fidei
561 1139 723 1201 cornmisso
732 1138 848 1218 Populo
853 1148 1044 1220 peramanter
1052 1142 1250 1222 impertimur.
1261 1145 1375 1204 Daiara

226 1239 343 1310 Romae,
358 1248 428 1317 ete,
444 1241 495 1301 dte
508 1245 612 1319 primu
630 1238 794 1301 decembris
809 1248 896 1313 ¹770,
911 1243 1104 1318 pontificatus
1123 1246 1220 1301 austri
1235 1259 1315 1301 aeuo
1333 1262 1374 1300 se-

226 1340 333 1400 cauda

704 1439 888 1451 'Q——O-—fl

671 1748 813 1790 nisaeus
837 1746 931 1787 Flnlls

356 1864 561 1925 NOBILIBUS
583 1863 688 1922 VIRIS
711 1860 962 1921 intrauisse
985 1861 1243 1919 vexillarium

617 1995 811 2043 llElPUBLlCAE
829 1994 977 2042 Lucensis

535 2104 767 2184 CLEMENS
794 2108 920 2184 Papa
952 2106 1056 2181 XlV.

950 2285 1048 2340 Romae,
1068 2289 1076 2329 1
1093 2280 1226 2330 decembris
1240 2284 1307 2329 1770.

218 2425 221 2430 ·
265 2402 396 2468 ottenb,
417 2405 473 2458 ete.
504 2397 740 2458 postulationum
757 2405 939 2474 vestrarum,
960 2415 1035 2477 quas
1049 2402 1079 2456 et
1094 2395 1220 2476 epistola
1236 2394 1371 2476 proxime

224 2495 371 2576 preterito
387 2493 478 2554 lunio
507 2493 593 2571 data,
626 2501 656 2555 et
679 2493 777 2557 dilecti
801 2495 852 2555 filii
875 2495 1002 2575 Philippi
1029 2492 1193 2554 Bonamicii
1218 2491 1372 2554 sarniliuris

223 2590 333 2668 nostri,
349 2590 499 2670 vestrique
522 2591 663 2666 Patricii,
692 2592 797 2653 Patriae
823 2610 983 2672 rerumque
1006 2591 1045 2652 ad
1066 2609 1133 2652 eam
1158 2590 1370 2671 pertinentium

223 2688 431 2751 studiosissimi
449 2709 541 2771 opera
553 2690 591 2751 ad
612 2692 672 2751 Nos
684 2689 832 2767 detulisti,
848 2698 992 2772 quantam
1012 2689 1160 2750 rationem
1177 2687 1371 2748 habuerimus

221 2806 256 2849 ex
276 2787 340 2848 aliis
359 2787 463 2848 litteris
481 2787 592 2848 nostris
603 2788 633 2848 ‘m
645 2786 854 2850 lormaBrevis
866 2834 874 2865 ,
888 2807 963 2868 quas
978 2785 1016 2847 ad
1030 2804 1083 2846 vos
1103 2784 1265 2846 transmitti
1282 2802 1371 2845 man-

221 2885 358 2946 davimus
373 2929 380 2960 ,
396 2884 483 2944 laoile
507 2884 684 2963 intelligetis.
707 2885 741 2945 Iu
758 2885 864 2945 iisdem
884 2903 920 2945 ea
941 2887 1066 2944 Decreta
1082 2881 1223 2956 fecimus,
1245 2899 1311 2959 quaa
1332 2880 1368 2939 ad

220 2980 368 3042 tuendum
390 2998 426 3040 ac
455 2979 625 3058 augendum
653 2979 733 3040 istud
754 2981 908 3059 publicum
928 2980 1135 3043 Misericordiae
1155 2980 1369 3040 Nosocnmium

219 3073 1370 3155 maximeaccommodataarbitratisumus.Cumagereturdebonisomnibus

218 3175 392 3238 Monasterii
406 3173 622 3235 Canonicorum
637 3174 827 3252 [tegolariam
841 3173 879 3236 de
892 3173 1075 3253 Frigiouaria
1089 3172 1287 3236 concedendis
1299 3173 1370 3235 diu-

220 3277 278 3338 tius
290 3293 363 3336 sane
377 3274 408 3334 in
420 3292 452 3334 re
464 3272 618 3352 diligenter
629 3271 816 3351 inquirenda,
827 3278 859 3332 et
877 3271 914 3333 ad
928 3271 1075 3352 equitatis
1085 3272 1215 3334 rationes
1226 3271 1370 3352 exigenda

220 3371 344 3436 detineri
365 3371 427 3431 Nos
450 3367 594 3450 oportuit.
613 3370 725 3429 Verum
744 3386 842 3447 neque
861 3367 1008 3447 judicium
1027 3368 1086 3431 hoc
1102 3376 1255 3446 nostrum,
1272 3388 1369 3451 neque

220 3486 412 3551 responsum,
431 3467 514 3547 quod
527 3465 631 3529 litteris
650 3465 760 3527 nostris
775 3465 940 3544 reddimus,
956 3466 1007 3528 diu
1020 3475 1215 3547 prorogatum
1227 3468 1323 3530 visum
1334 3470 1367 3530 iri

219 3577 377 3650 putamus,
400 3585 470 3629 cum
491 3565 597 3628 eodem
611 3563 743 3644 perlecta
760 3569 849 3642 atque
867 3564 1006 3626 absoluta
1027 3564 1077 3625 illa
1093 3565 1178 3626 vobis
1192 3563 1366 3640 afferantur,

219 3683 284 3744 qua
293 3665 418 3744 publicae
435 3662 572 3739 utilitati,
589 3679 624 3722 ac
636 3659 830 3738 indigentium
843 3659 950 3741 inopiae
964 3660 1153 3722 sublevandae
1167 3669 1367 3724 consentanea

219 3768 373 3841 tantopere
392 3760 567 3841 exoptastis.
592 3760 657 3832 Qua
674 3758 703 3818 in
724 3775 756 3818 re
776 3757 849 3818 illud
863 3758 947 3819 vobis
961 3758 1092 3819 maxime
1105 3777 1282 3839 persuasum
1302 3779 1367 3822 esse

219 3858 326 3934 debet,
346 3860 497 3921 rationum
518 3858 578 3918 vim
597 3863 626 3917 et
645 3855 822 3935 gravitatem
845 3855 875 3915 in
895 3854 1042 3936 capiendo
1062 3856 1187 3918 consilio
1212 3858 1243 3917 in
1263 3858 1367 3938 primis

219 3955 309 4017 luisse
323 3962 433 4018 eertea
452 3956 545 4017 Nobis
557 3960 722 4035 spectatam
732 3977 740 4028 3
757 3961 859 4014 tamen
878 3953 960 4035 apud
977 3954 1037 4014 Nos
1054 3955 1218 4034 plurimum
1239 3957 1366 4017 valuisse

219 4053 351 4122 studium
362 4060 508 4128 vestrum,
523 4061 611 4135 atque
623 4054 704 4113 huno
713 4051 812 4132 ipsum
820 4051 987 4114 christiana
1001 4053 1134 4116 caritatis
1145 4053 1293 4124 ardorem,
1305 4072 1370 4132 qiio

220 4174 238 4214 a
259 4153 345 4215 vobis
374 4154 499 4234 inopum
521 4153 685 4235 presertim
714 4152 877 4214 calamitati
898 4151 1013 4214 consuli
1038 4152 1225 4213 videbamus.
1252 4150 1366 4211 Habete

218 4249 319 4329 igitur,
334 4249 433 4312 dilecti
446 4250 498 4310 tilii
509 4252 629 4314 Nobiles
645 4250 699 4310 viri
710 4296 717 4325 ,
729 4269 800 4310 cum
810 4269 847 4311 eo
858 4250 1027 4330 apostolica
1041 4247 1227 4310 auctoritatis
1239 4249 1365 4309 Decreta

219 4350 415 4427 conjunctum
441 4349 532 4410 etiam
552 4350 611 4411 boc
639 4356 777 4410 nostrum
799 4349 836 4410 de
855 4356 954 4411 vestra
983 4349 1092 4430 pietate
1117 4346 1280 4424 judicium,
1303 4368 1364 4428 qrio

219 4446 381 4527 plurimam
399 4465 518 4527 quoque
528 4447 567 4509 ad
578 4453 734 4528 paternam
745 4454 881 4509 nostram
893 4446 1130 4508 benevolentiam
1142 4445 1205 4506 lieri
1221 4448 1364 4508 accessio·

196 4563 291 4607 uem
309 4543 486 4606 existimate.
510 4546 554 4607 Ac
572 4544 602 4606 in
618 4545 753 4623 ejusdem
775 4545 897 4606 uberius
920 4549 1129 4639 argumentum
1162 4544 1359 4624 apostolicam
