3194 5354
492 485 673 539 EPISTOLAE
692 486 737 539 ET
756 486 891 541 BREI'IA
912 487 1145 541 SELECTIOIIII.
1326 487 1387 548 aldi

230 588 272 649 <iu
289 589 350 650 Nos
359 588 564 666 observantia,
578 595 667 669 atque
679 590 823 670 obsequio
835 592 932 652 valere
945 589 1038 670 possit
1047 588 1085 651 ad
1092 596 1129 651 te·
1135 589 1230 668 rnagIs
1239 588 1391 673 uirgisque

241 685 280 746 ad
294 686 531 766 persequendam
542 687 814 767 perficiendamque
819 685 1154 768 operamaxcitandum.
1167 687 1212 746 Ac
1221 685 1391 765 inputetur

241 783 375 845 caritatis
385 784 494 864 pignus
505 785 700 865 apostolicam
710 785 948 848 benedictionem
961 784 1029 862 tibi,
1043 784 1150 846 dilecte
1164 783 1205 844 frli
1214 800 1391 863 ,peraman-

241 890 286 943 ter
303 882 501 962 impertimur.
522 887 635 946 Datom
651 887 770 954 Romo,
792 893 863 955 otc„
880 887 930 946 dte
948 897 983 945 ta
999 886 1078 960 rarii
1096 895 1165 944 tm
1179 886 1391 961 ‚pontificatus

240 984 336 1041 nostri
354 1000 433 1042 anno
446 984 584 1043 secundo.
1312 1001 1316 1009 '

727 1088 900 1109 μδ*-

725 1219 917 1289 CXXXVII.

663 1368 965 1445 arsnocumo
1026 1335 1028 1338 ’

543 1578 545 1583 A
574 1536 776 1577 stnculsslrss
800 1534 917 1577 oonrtul
942 1533 1055 1576 nosrnl

540 1643 809 1714 CLEMENTIS
841 1641 969 1712 PAPAE
1003 1639 1086 1710 XIV
1154 1684 1157 1689 -

282 1782 457 1831 turnultus
473 1782 611 1831 ulnonus
628 1782 885 1841 conventurum,
902 1781 933 1829 IN
951 1779 1338 1838 dominisententiam,

412 1889 496 1936 APUD
511 1888 680 1937 nlsrnlcnnr
695 1889 885 1938 sanctonum
898 1889 945 1935 xrl
961 1887 1193 1935 nuossosonunl
1201 1921 1208 1944 ,

479 1998 532 2043 DIE
545 1997 627 2044 XVIII
645 1997 715 2044 ΜΛΝ
732 1995 895 2044 naccum
910 1993 1143 2043 counnudluos.

273 2144 348 2207 Illira
361 2163 433 2207 sane
448 2151 537 2224 atque
556 2144 720 2207 incredibili
739 2144 928 2223 jucunditate
944 2144 1005 2205 Nos
1023 2142 1116 2204 allicit
1137 2149 1317 2223 conspectus
1333 2144 1384 2205 hic

232 2234 340 2318 rester,
355 2240 454 2302 dilecti
470 2240 511 2303 fiii
522 2265 529 2311 3
542 2240 744 2320 gratissimam
765 2240 845 2302 enim
859 2240 951 2301 NobIs
962 2239 1063 2300 animo
1080 2245 1252 2300 commovet
1263 2239 1385 2318 private

232 2343 357 2416 Nostra,
371 2348 460 2420 atque
475 2357 493 2401 a
506 2340 605 2419 prima
618 2346 704 2401 etate
714 2339 873 2419 tranquille
885 2344 957 2401 aeta
968 2338 1035 2399 vita
1048 2337 1301 2414 recordationem,
1311 2357 1383 2398 cum

232 2457 292 2499 una
303 2439 458 2501 vobiwum
473 2438 504 2499 in
519 2437 602 2498 atriis
623 2436 741 2498 Domini
751 2455 949 2513 versaremur,
962 2454 1023 2497 una
1033 2435 1218 2498 Sanctissimi
1230 2435 1381 2516 Seraplrici

231 2535 327 2597 Patris
346 2536 474 2615 vestigiis
488 2535 702 2597 insisteremus.
724 2532 1049 2613 Hujusmodipristina
1061 2532 1138 2593 inter
1155 2532 1216 2593 Nos
1233 2532 1382 2609 coniunc-

231 2632 319 2694 tionis
341 2633 519 2704 memoriam
543 2651 614 2694 cum
636 2633 737 2694 animo
756 2632 942 2713 repetimus,
962 2630 1144 2710 singularem
1177 2629 1381 2710 omninoque
1430 2681 1432 2686 Α

229 2731 380 2810 complexi
391 2749 510 2811 semper
519 2749 572 2792 voa
581 2749 698 2808 sumus,
710 2731 845 2792 caritatis
857 2730 996 2792 ardorem
1007 2729 1131 2792 excitari
1144 2730 1175 2790 in
1184 2730 1276 2791 Nobis
1286 2750 1381 2812 expe-

228 2826 334 2887 rimur.
350 2827 426 2889 Illuc
447 2846 560 2889 corona
573 2828 653 2904 lieo,
667 2835 697 2888 et
708 2828 847 2907 frequens
861 2828 911 2890 hic
922 2837 1019 2891 vester
1033 2848 1191 2890 consessus
1213 2830 1378 2909 maximum

172 2927 176 2933 ’
228 2930 274 2982 est
295 2921 440 3001 gaudium
460 2930 490 2983 et
504 2923 679 3000 jucunditas
703 2924 812 2983 Nostra
841 2947 847 2982 :
875 2924 1038 3002 presertim
1060 2943 1132 2984 cum
1153 2943 1207 2984 vos
1228 2924 1258 2983 in
1268 2924 1378 3003 Spiritu

146 3053 148 3057 v
228 3024 340 3082 Sancto
351 3028 568 3100 congregatos,
587 3039 683 3100 caque
695 3027 818 3098 agentes
832 3065 839 3096 ‚
851 3039 887 3080 ae
900 3021 937 3080 de
948 3021 983 3082 iis
997 3021 1129 3081 solicitos
1139 3020 1301 3096 intuemur,
1313 3042 1379 3101 qua

196 3184 199 3188 ,
227 3119 392 3181 maximam
416 3119 545 3179 universi
558 3118 651 3178 Nobis
671 3117 818 3179 carissimi
834 3116 950 3177 Ordinis
964 3117 1052 3177 vestri
1067 3116 1226 3178 utilitatem
1237 3136 1379 3198 eompre-

226 3218 371 3281 hendant.
389 3217 466 3292 Quid
485 3217 566 3280 enim
585 3224 648 3292 est,
661 3216 745 3296 quod
763 3222 862 3276 vestra
882 3214 977 3294 magis
995 3214 1138 3276 interesse
1153 3220 1271 3294 potest,
1284 3235 1377 3296 quarn

225 3315 417 3394 gravissima,
438 3332 505 3395 quse
516 3315 546 3376 in
556 3314 603 3375 his
614 3314 745 3375 comitiis
761 3313 916 3394 proposita
929 3314 1014 3375 vobis
1025 3322 1085 3392 cst,
1101 3333 1176 3376 cura
1186 3320 1377 3398 atqueopera

227 3433 320 3476 unum
341 3432 379 3474 ex
404 3413 490 3475 vobis
506 3411 643 3490 eligendi,
663 3411 714 3492 qui
736 3411 767 3473 in
787 3412 868 3472 omni
890 3412 1040 3473 virtutum
1054 3431 1162 3492 genere
1179 3415 1318 3494 exernplo
1338 3416 1377 3479 sit

225 3515 337 3578 ceteris
350 3559 357 3589 ‚
372 3532 408 3574 ac
419 3512 575 3574 universos
588 3512 617 3572 in
628 3509 872 3591 optimisvivendi
885 3508 1030 3571 institutis
1042 3509 1263 3571 adaecuratam
1274 3510 1375 3589 legum

225 3618 393 3673 vestrarum
414 3627 554 3670 normam
577 3606 801 3686 diligentissimo
823 3606 969 3667 retinenti
991 3607 1082 3683 Cujus
1106 3605 1229 3685 quidem
1250 3606 1375 3667 actionis

225 3714 328 3771 vestra
338 3726 406 3789 qua
420 3706 497 3771 ratio
519 3705 578 3781 sit,
593 3722 687 3784 quam
708 3703 821 3779 ardua,
834 3722 869 3763 ac
884 3702 1031 3775 difficilis,
1057 3704 1200 3782 praeclare
1217 3691 1376 3784 novimus,

225 3823 435 3885 summamque
453 3805 484 3866 in
500 3810 629 3866 carecto
648 3802 831 3882 perficienda
842 3820 966 3878 curam,
987 3803 1200 3883 integritatem,
1211 3802 1376 3882 intelligen-

224 3901 299 3963 tiam
315 3903 435 3982 requiri
447 3904 560 3964 Verum
576 3920 661 3980 asqrre
675 3899 884 3980 cognoscimus
894 3945 902 3975 ,
912 3901 964 3979 qui
976 3907 1073 3962 vester
1086 3901 1125 3962 sit
1135 3901 1164 3962 in
1179 3917 1372 3963 communem

223 3999 340 4061 Ordinis
353 4017 418 4061 rem
442 4000 579 4074 animus,
605 4004 695 4078 atque
714 4005 746 4059 et
755 3997 888 4078 pristinis
903 3997 1075 4075 hujusmodi
1102 3998 1257 4061 actionum
1268 4015 1373 4057 exem«

181 4127 185 4134 ·
223 4098 280 4175 plis
292 4115 352 4159 non
372 4096 497 4159 dubiam
518 4099 725 4176 conjecturam
739 4096 838 4157 lacere
858 4113 1039 4175 possumus,
1059 4103 1265 4175 quautanunc
1279 4093 1372 4154 ctiam

223 4195 306 4273 sitIa,
326 4212 419 4275 quam
442 4195 526 4273 paria
548 4215 648 4258 rerum
669 4195 807 4274 grauitati
831 4193 929 4256 studia
952 4194 1081 4256 allaturi.
1111 4193 1143 4254 ld
1160 4193 1263 4271 ipsum
1281 4190 1374 4251 Nobis

223 4295 354 4357 maxime
366 4295 528 4374 persuadet
544 4298 634 4359 unlus
645 4298 792 4376 cujusque
806 4303 940 4357 vestrum
950 4295 1063 4375 optime
1079 4293 1169 4353 Nobis
1182 4289 1320 4369 cognita,
1341 4298 1372 4351 et

221 4399 379 4471 perspecta
390 4391 494 4455 virtus.
507 4395 594 4456 Nulla
610 4395 691 4456 enim
712 4394 846 4469 veriora,
858 4400 948 4472 atque
966 4392 1003 4452 ad
1020 4389 1169 4469 optimnm
1187 4408 1279 4451 unmn
1294 4389 1371 4450 inter

221 4508 330 4553 omnes
351 4492 536 4572 seligendum
560 4494 676 4572 aptiora
700 4512 762 4553 esse
787 4499 933 4572 possunt,
955 4508 1047 4569 quarn
1073 4487 1186 4564 jndicio
1209 4488 1367 4551 bonorum.
