3194 5354
320 547 324 561 ·
346 525 396 576 278
774 515 975 570 CLEllEN'l'lS
994 517 1058 570 XlV

344 606 508 686 ‹lelcronde
522 623 624 702 gratias
634 629 734 702 portes
746 621 898 685 retardare
912 640 948 683 ac
961 622 1106 684 remorari
1115 622 1275 700 voluimus,
1284 628 1320 685 ut
1330 626 1493 690 Avenionis

343 733 373 786 et
396 723 561 785 Comitatus
582 721 734 783 Venaisini
748 720 839 782 etiam
858 720 1027 783 accessione
1049 721 1427 806 conjunctissimoninrque
1439 727 1492 789 tilii

343 838 447 898 regum
474 818 668 880 consensione
690 816 813 879 easdem
838 817 1105 894 cumulatissimas,
1130 836 1166 880 so
1181 819 1287 882 letitie
1302 821 1493 899 jucunditate
1516 838 1523 856 ·

343 915 468 976 relectas
481 915 730 994 persolveremus.
749 914 874 976 Mirifice
891 933 964 976 sane
976 915 1087 995 gairdio
1108 915 1257 979 afficimur
1277 917 1320 980 ob
1338 919 1493 984 restitutas

344 1014 436 1075 Nobis
450 1015 588 1094 antiquas
599 1014 665 1076 illes
679 1016 795 1075 Sancte
808 1013 898 1092 hujus
911 1013 995 1075 Sedis
1008 1014 1155 1091 Ditiones,
1172 1033 1268 1097 noque
1281 1015 1441 1098 quidpiam
1455 1019 1493 1082 eli

342 1111 408 1187 ejus
425 1095 496 1187 jnre'
509 1109 694 1186 detractum,
710 1117 800 1190 atque
811 1109 1013 1171 imminutum.
1029 1109 1088 1171 Sed
1103 1111 1200 1190 magis
1219 1111 1312 1175 etism
1324 1112 1492 1193 gstiderms

343 1227 380 1268 eo
392 1186 618 1288 preclarissimo
632 1207 714 1268 lacto
724 1206 851 1267 utirilice
864 1206 1055 1286 comprobnri
1068 1206 1135 1269 illas
1142 1252 1151 1284 ,
1163 1225 1239 1289 quas
1252 1210 1493 1291 semperBorbo

343 1302 400 1362 niis
414 1302 544 1382 Regibus
552 1302 655 1363 deberi
670 1302 775 1363 lentes
787 1300 973 1380 agnovimus,
987 1302 1145 1383 equitatis,
1156 1303 1318 1385 sapientie,
1339 1305 1492 1386 religionis

343 1417 379 1458 ac
392 1399 421 1460 in
432 1400 493 1460 Nos
508 1405 597 1480 atque
609 1399 687 1460 hanc
706 1399 789 1460 Beati
802 1401 881 1460 Petri
896 1399 1075 1462 Cathedrsm
1086 1402 1222 1483 pietatis,
1235 1410 1378 1486 rotasque
1394 1404 1491 1468 lactas

309 1527 315 1561 ;
342 1514 407 1556 esse
418 1515 485 1577 spes
499 1504 633 1572 nostras,
645 1512 720 1576 ques
735 1495 772 1557 dc
784 1496 869 1558 vobis
882 1502 1040 1577 vestraque
1052 1498 1160 1561 virtute
1171 1499 1278 1561 intimo
1291 1500 1384 1563 animi
1396 1502 1489 1564 nosci

296 1590 298 1595 ⁸
343 1612 431 1654 sensu
442 1593 627 1655 fovebamus.
650 1594 819 1655 cumcuim
833 1611 951 1656 summa
966 1600 1044 1657 esset
1057 1595 1087 1656 in
1100 1596 1193 1658 Nobis
1207 1604 1339 1660 vsstrttm
1352 1598 1489 1661 onmium

342 1712 412 1754 cnm
433 1693 576 1772 singulari
596 1699 721 1773 patemo
743 1710 845 1753 sutore
866 1691 1028 1770 conjuncta
1043 1692 1239 1771 existimatio,
1257 1694 1403 1772 majorem
1416 1713 1490 1757 sane

343 1791 372 1851 in
389 1789 515 1853 modum
527 1788 771 1867 confidebamus,
784 1788 848 1849 lore
859 1795 894 1851 ut
911 1804 973 1851 non
985 1789 1084 1851 solum
1098 1789 1265 1852 simultates
1274 1807 1378 1852 omnes
1394 1809 1488 1872 quarn

341 1893 474 1972 primum
482 1891 715 1971 deponerentur,
726 1887 779 1951 sed
789 1888 955 1950 clarissima
963 1886 1055 1949 etism
1066 1893 1203 1949 extarent
1213 1893 1326 1949 mutare
1336 1886 1412 1949 inter
1426 1889 1489 1951 Nos

341 1988 494 2051 consecuti
512 1988 576 2066 iam
592 1987 702 2062 simus,
719 1991 877 2065 tantasque
890 2001 1003 2046 nunes
1019 1982 1105 2045 vobis
1116 1982 1408 2046 hsbesrmuletandi
1418 2003 1486 2048 cau
1543 2001 1548 2009 ’

341 2103 405 2160 sss,
421 2102 473 2145 eas
486 2082 539 2144 titi
550 2129 557 2159 ‚
570 2081 724 2144 carissime
739 2080 770 2141 in
783 2080 900 2142 Christo
913 2079 954 2140 lili
974 2085 1087 2157 noster,
1100 2077 1253 2141 reddimus
1269 2078 1399 2160 gratias,
1413 2099 1488 2162 ques

341 2181 466 2242 reddere
490 2180 638 2242 maximas
659 2195 819 2259 possumus
837 2179 867 2239 in
893 2186 982 2257 teque
1007 2175 1110 2238 omnia
1129 2175 1305 2256 gratissium
1327 2177 1487 2241 voluntatis

341 2287 448 2339 nostre
470 2276 569 2338 studia
593 2283 682 2357 atque
709 2274 809 2336 ollicia
828 2274 1028 2337 cumulamus.
1056 2274 1126 2348 Qun
1150 2291 1221 2335 cum
1240 2272 1296 2335 tihi
1316 2273 1486 2356 plenissime

341 2375 483 2436 adhibere
498 2393 533 2436 ae
546 2382 686 2454 prestare
705 2372 932 2449 contendimus,
945 2391 964 2433 a
982 2379 1012 2434 te
1024 2369 1118 2432 etiam
1135 2369 1327 2450 atqneetism
1339 2370 1483 2452 petimus,

340 2484 374 2536 ut
395 2476 519 2535 omnino
541 2473 595 2534 tibi
615 2472 796 2553 persuadeas
809 2470 884 2532 nihil
900 2469 994 2532 Nobis
1014 2469 1211 2548 imposterum
1231 2467 1386 2549 antiquius
1403 2467 1483 2546 lore,

340 2589 432 2651 quam
447 2579 480 2632 nt
494 2571 599 2632 initam
612 2569 882 2650 confirmatamque
892 2569 969 2630 inter
985 2569 1047 2629 Nos
1061 2566 1255 2629 concordiam
1266 2574 1298 2629 ct
1311 2569 1485 2633 consensio-

340 2686 409 2729 nem
420 2668 506 2728 novis
516 2667 772 2746 constringamus,
786 2673 875 2746 atque
891 2665 995 2728 indies
1007 2665 1203 2746 amplioribus
1213 2672 1328 2729 mutuas
1340 2667 1419 2731 inter
1425 2670 1485 2732 Nos

339 2764 460 2845 pietatis
477 2763 655 2826 testimoniis
680 2763 832 2826 uberrima
852 2763 891 2825 ad
908 2770 937 2824 te
952 2781 1009 2844 pro
1027 2780 1082 2827 sua
1101 2765 1177 2841 tide,
1199 2783 1235 2826 sc
1255 2765 1401 2846 singulari
1415 2766 1484 2830 dili-

338 2861 441 2938 gentia
454 2861 689 2942 perscripturum
703 2859 883 2923 confidimus
901 2859 1127 2923 dilectissimum
1151 2862 1246 2924 lilium
1261 2870 1401 2927 nostrum
1422 2866 1484 2928 lio-

339 2959 482 3022 minicum
496 2962 527 3022 S.
544 2962 580 3022 tt.
592 2962 628 3020 E.
643 2959 830 3021 Gardiuslern
842 2958 984 3021 Ursinum
992 3003 1001 3036 ,
1012 2958 1133 3023 intimos
1141 2958 1197 3021 tes·
1209 2958 1302 3022 animi
1315 2961 1411 3023 nostri
1420 2979 1485 3048 sen·

338 3076 406 3134 sus,
419 3077 495 3138 quos
506 3058 604 3119 eidem
621 3075 725 3119 cerem
735 3057 901 3119 incidenter
913 3055 1157 3136 significavimus.
1177 3058 1297 3119 luteres
1310 3076 1369 3139 pro
1376 3059 1498 3122 Nostro

338 3155 368 3214 in
389 3163 419 3216 te
433 3174 551 3217 summo
571 3155 670 3217 studio
689 3156 853 3236 plurimum
868 3154 923 3217 tihi
938 3154 976 3217 de
998 3161 1052 3216 tus
1067 3154 1175 3216 virtute
1196 3155 1395 3234 gratulamur.
1411 3157 1484 3235 Ejus

338 3255 543 3316 consectandis
554 3256 637 3316 nulla
649 3255 815 3335 expeditior
828 3254 881 3317 tibi
901 3272 967 3316 esse
980 3255 1057 3316 ratio
1068 3261 1272 3336 potestquam
1290 3256 1317 3318 si
1336 3255 1483 3336 gloriosis·

338 3350 404 3409 simi
420 3351 554 3412 Parentis
566 3351 608 3412 tui
630 3352 773 3432 exemplis
792 3351 925 3414 insistere
937 3371 1061 3433 pergas,
1074 3373 1140 3435 que
1153 3361 1183 3416 et
1204 3354 1368 3438 conspicua
1379 3372 1433 3436 per
1449 3375 1482 3418 se

337 3446 403 3526 ipsa
423 3455 533 3508 suntet
548 3447 663 3509 lacilius
677 3448 729 3509 tibi
744 3449 774 3509 in
792 3449 926 3540 animum
938 3449 1077 3527 induent,
1092 3469 1162 3512 oum
1175 3450 1221 3512 he
1232 3450 1400 3514 domestice
1410 3451 1483 3514 lau-

336 3549 389 3609 des
404 3548 456 3609 tibi
468 3548 527 3609 sint
541 3547 657 3609 assidue
670 3554 738 3608 ante
749 3547 852 3608 oculos
867 3545 1003 3628 positea
1019 3547 1128 3609 dilecto
1142 3547 1205 3610 filio
1217 3547 1308 3611 nobili
1322 3547 1384 3609 viro
1395 3549 1482 3611 illar-

336 3645 443 3706 oliione
466 3644 617 3706 Bernardo
638 3643 806 3720 Tanuccio,
826 3644 913 3722 cujus
929 3644 1173 3724 prestantissima
1190 3662 1281 3727 opera
1293 3644 1322 3705 in
1339 3644 1482 3708 maximis

336 3744 425 3803 rebus
439 3733 576 3822 gerendis
590 3743 691 3804 uteris.
711 3743 891 3823 Magnopere
903 3747 1043 3822 optemus
1052 3788 1061 3820 ,
1073 3749 1107 3804 ut
1118 3748 1189 3804 rota
1201 3746 1318 3819 nostra,
1337 3758 1405 3822 quse
1417 3744 1482 3805 Deo

336 3840 456 3921 ttptimo
476 3841 607 3900 Maximo
624 3840 661 3900 de
682 3846 734 3901 tua
756 3839 860 3919 tuique
878 3839 960 3919 regni
973 3838 1115 3901 felicitate
1128 3854 1356 3921 nuncupemus,
1371 3856 1482 3901 secun

335 3937 476 4002 dissimos
490 3943 614 3998 eventus
625 3937 773 4012 habeant,
788 3941 877 4016 atque
889 3933 1062 4014 hujusmodi
1074 3935 1214 3998 omnibus
1223 3934 1331 3998 divine
1343 3934 1483 4016 benigni-

335 4033 405 4096 tatis
422 4031 561 4113 auspiciis
580 4033 767 4108 lllajestatem
782 4032 879 4092 Tuam
896 4038 1112 4112 prosequentes
1125 4031 1323 4112 apostolicam
1338 4030 1483 4094 henedic-

336 4130 449 4191 tionem
469 4128 500 4190 in
524 4133 633 4189 nostrae
652 4127 744 4187 etism
763 4127 877 4189 eximie
895 4127 1028 4189 caritatis
1054 4127 1162 4208 pignus
1184 4126 1257 4205 tihi,
1277 4125 1431 4189 carissime
1451 4126 1481 4189 in

335 4227 450 4288 Christo
465 4226 506 4288 fili
525 4231 637 4303 noster,
657 4226 785 4305 Tuaequo
795 4226 893 4305 Regis
910 4225 1051 4306 Gonjugi,
1066 4243 1102 4288 ac
1112 4223 1229 4287 eximiis
1248 4221 1482 4288 mesamm-

336 4324 446 4385 tissime
456 4325 656 4407 impertimur.
671 4325 783 4387 Dmnm
795 4326 911 4395 Rome,
926 4325 1008 4404 apud
1018 4325 1163 4388 Sanctam
1173 4327 1304 4387 Marion
1318 4325 1481 4404 Μυκη,

335 4422 389 4479 suli
407 4425 528 4483 Annulo
547 4427 722 4500 piscatoris,
743 4425 791 4484 dic
811 4433 848 4482 28
870 4423 1035 4484 decembris
1060 4434 1152 4500 tris,
1170 4425 1366 4503 pontifimtts
1387 4423 1482 4485 nostri

335 4537 414 4579 cirino
426 4523 537 4598 quinto.
