3194 5354
627 461 831 516 susumus
849 461 914 514 xiv

582 659 584 663 ·
697 638 843 711 cxxvi.
915 715 923 730 ,

612 792 802 847 rnnrnrsim
824 804 934 846 rursm

346 918 542 980 cunovrco
562 920 731 981 rosunuo
752 920 936 981 urrscoro
958 919 1202 981 rnuruounsr
1291 876 1299 885 ’

505 1050 742 1130 CLEMENS
768 1053 898 1128 ΡΑΡΑ
927 1050 1034 1127 XIV.

984 1220 1085 1276 Romu,
1100 1221 1127 1266 19
1141 1215 1198 1278 mii
1215 1219 1284 1267 1750.

242 1342 442 1410 Venerabilis,
455 1348 510 1402 etc.
521 1342 682 1420 Nunquam
696 1341 918 1420 Nobisquidcm
929 1340 960 1400 in
972 1340 1073 1400 cnunc
1083 1337 1351 1415 suiuvmembuis

198 1440 318 1514 Frater,
339 1443 374 1498 ut
392 1456 459 1518 qun
476 1437 507 1499 in
531 1439 641 1500 alteros
659 1438 842 1499 conterimus
858 1437 1021 1516 beneficia,
1041 1437 1143 1502 atem
1165 1437 1226 1499 ullo
1252 1437 1350 1499 modo

198 1534 355 1606 ‹obessentr
373 1553 409 1596 uc
423 1534 531 1615 siquid
545 1534 718 1614 hujusmodi
735 1534 813 1596 forte
828 1535 970 1597 occidisse
981 1533 1076 1596 uideri
1095 1532 1210 1615 possit,
1219 1552 1348 1614 operum

197 1631 229 1691 in
240 1649 278 1692 eo
287 1631 440 1711 ponimus,
456 1638 490 1692 ut
500 1639 705 1712 opportunum
716 1631 837 1712 otiqmd
848 1638 1121 1712 temperamentum
1133 1629 1343 1707 adhibeamus,

198 1745 235 1789 ac
244 1728 392 1808 equitatis
402 1746 541 1790 normam
556 1729 620 1791 sine
637 1731 768 1791 ullorum
783 1731 922 1793 molestia
931 1738 1151 1793 consectemur.
1164 1731 1348 1809 Huiusmodi

197 1844 278 1886 nunc
291 1826 369 1888 ratio
382 1828 442 1889 Nos
453 1828 548 1908 cogit,
561 1835 595 1888 ut
606 1846 676 1889 cum
690 1828 807 1909 pridem
821 1829 972 1891 canonicis
987 1848 1023 1891 uc
1040 1829 1171 1910 capitulo
1182 1828 1348 1908 collegiatae

196 1923 334 1984 Ecclesiae
344 1925 439 1986 beatu
452 1925 550 1987 Muris
563 1927 690 2006 Virginis
707 1927 875 2006 Monachii,
892 1946 958 2008 qne
969 1927 1125 1989 ordinarie
1139 1934 1197 1988 tuae
1204 1925 1344 2005 jurisdic-

195 2025 270 2085 tioni
293 2026 412 2102 subest,
439 2040 518 2086 nora
543 2024 671 2085 vestium
691 2032 870 2086 ornamenta
895 2024 1153 2101 concesserimus,
1180 2030 1211 2084 et
1234 2041 1346 2085 ornare

195 2130 279 2184 tanto
299 2123 394 2203 magis
414 2123 572 2205 cupiamus
588 2122 753 2204 capitulum
772 2120 852 2184 istud
873 2129 930 2184 tuae
953 2121 1133 2183 cathedralis
1147 2119 1346 2200 Frisingensis

194 2219 347 2297 Fcclesiae,
362 2237 401 2281 ne
413 2220 527 2282 scilicet
536 2238 572 2281 ex
591 2220 710 2281 subluto
727 2219 854 2300 pristino
869 2216 998 2279 vestium
1012 2217 1089 2279 inter
1103 2223 1264 2295 utrumque
1278 2215 1345 2276 dis-

194 2319 319 2380 crimine
330 2319 500 2382 detructum
514 2318 627 2399 aliquid
639 2337 694 2399 per
708 2319 769 2379 Nos
785 2335 849 2379 esse
863 2314 1000 2377 videatur
1012 2315 1050 2376 ab
1063 2314 1153 2393 hujus
1164 2359 1173 2389 ,
1183 2330 1278 2393 quum
1289 2330 1344 2393 po

194 2416 301 2476 tiorem
323 2434 399 2477 essc-
412 2415 625 2495 agnoscimus,
650 2414 804 2492 dignitate.
828 2412 956 2475 Proinde
975 2430 1037 2491 quo
1060 2410 1156 2489 magis
1178 2408 1343 2489 intelligas,

193 2517 340 2590 quantum
354 2511 485 2572 rationes
496 2517 603 2573 vestre
611 2509 706 2572 Nobis
717 2509 776 2571 sint
787 2508 888 2585 cordi,
900 2507 969 2584 tibi,
980 2506 1170 2569 Venerabilis
1177 2507 1292 2580 lister,
1307 2523 1346 2566 ac
1407 2582 1410 2587 ⁴

194 2610 309 2671 dilectis
321 2609 390 2669 filiis
410 2610 494 2670 istius
512 2609 692 2671 cathedralis
703 2608 843 2671 Ecclesiae
857 2608 1009 2671 canonicis
1023 2609 1177 2689 optionem
1194 2606 1342 2685 iacimus,

193 2715 227 2769 ut
239 2709 319 2770 aliud
333 2707 485 2788 quoddam
499 2708 630 2788 eligatis,
646 2726 682 2769 ac
699 2708 874 2788 proponatis
885 2708 978 2769 Nobis
991 2715 1095 2789 aptum
1114 2715 1145 2769 et
1163 2708 1344 2782 conveniens

192 2807 392 2869 Ecclesiastici
408 2807 576 2869 ornamenti
586 2824 698 2887 genus,
709 2826 770 2887 quo
786 2808 947 2870 canonicos
957 2809 1029 2871 istos
1044 2811 1087 2870 itu
1100 2808 1344 2887 dccoremus,nt

191 2923 289 2985 neque
301 2900 480 2985 cujusquam
489 2905 620 2985 querele
631 2903 755 2965 excitari
770 2903 878 2965 exinde
891 2906 1024 2986 possint,
1036 2913 1066 2966 et
1083 2904 1123 2966 illi
1138 2903 1194 2984 ipsi
1209 2904 1267 2967 sibi
1280 2924 1343 2969 res·

191 3001 314 3063 titutum
327 3008 435 3083 putent
443 3047 452 3080 ‚
474 3020 536 3083 quo
549 3007 638 3062 cntra
651 2999 841 3078 inrebmtoe,
854 3000 978 3063 honoris
998 3001 1137 3081 gradum.
1151 3000 1185 3061 ld
1200 3007 1285 3064 trunto
1300 3003 1344 3064 fi-
1447 2996 1456 3013 ’

191 3098 353 3161 beutiusuc
363 3099 515 3161 liberalius
522 3099 576 3160 tibi
585 3099 706 3179 tuisque
713 3098 951 3178 Frisingensibus
960 3097 1113 3160 canonicis
1120 3097 1338 3177 prestabimus,

191 3195 377 3256 Venerabilis
390 3197 505 3273 Frater,
521 3201 635 3275 quanto
652 3194 749 3273 magis
759 3201 893 3255 uestrum
906 3213 979 3274 ergo
990 3197 1070 3272 Nos,
1084 3213 1119 3256 ac
1133 3193 1342 3275 Apostoicum

192 3290 271 3351 hunc
284 3290 386 3351 sedem
400 3291 523 3369 plenum
539 3291 677 3370 pietatis,
692 3290 782 3352 studii
796 3309 834 3352 sc
843 3291 1037 3354 observantie
1048 3292 1259 3372 cognoscimus
1271 3292 1341 3354 ani-

192 3405 294 3463 mum,
308 3386 356 3447 cui
372 3386 505 3466 prolixa,
524 3395 554 3448 et
564 3387 720 3449 cumulata
736 3388 950 3469 respondentes
962 3388 1191 3465 benevolentia,
1210 3388 1241 3450 in
1255 3389 1342 3468 ejus-

191 3483 260 3544 dem
272 3482 383 3564 pignus
395 3482 592 3563 apostolicam
606 3483 847 3547 benedictionem
856 3485 911 3546 tibi
921 3531 931 3562 ,
940 3484 1127 3547 Venerabilis
1139 3486 1258 3562 Frater,
1268 3503 1342 3565 per-

131 3615 134 3621 ·
190 3587 326 3644 amanter
339 3579 540 3661 impertimur.
555 3582 670 3646 Datum
687 3583 802 3653 Romu,
817 3591 890 3655 stc„
903 3584 954 3644 dic
971 3594 1006 3644 tu
1026 3585 1100 3660 rnrp'r'
1120 3594 1211 3656 1770,
1229 3587 1342 3663 ponti·

186 3679 295 3751 finctus
308 3682 406 3739 nostri
417 3695 498 3738 cuno
510 3679 650 3739 secundo.

226 3811 330 3869 Eodem
341 3813 398 3872 iere
413 3815 535 3889 exemplo
550 3837 556 3870 ε
578 3817 691 3875 niteo-us
713 3818 788 3878 ritus
802 3817 989 3888 scholastico,
1005 3818 1111 3876 seniori
1123 3816 1281 3887 ceterisque
1293 3830 1340 3870 cr-

188 3899 351 3972 pitulrribus
364 3902 526 3960 cathedralis
540 3904 669 3962 scetem
683 3906 872 3977 Frisingeusis.

664 4087 848 4099 ...μασι-ιιι.
