3194 5354
389 481 578 537 EPISTOLAE
597 479 641 533 ET
660 477 793 532 bantra
813 478 1053 534 subactione.
1241 487 1293 537 256

150 574 340 653 ΙκΙΙοὲΝοὴῐε
352 596 405 649 tuo
418 582 539 649 nemine
556 592 713 666 porrecto,
730 602 791 665 qno
810 591 922 646 statum
942 585 1112 660 descriltms
1130 595 1293 650 convenere

150 687 369 769 Neoburgeosis
380 685 498 749 Ordinis
508 687 566 746 FF.
579 684 728 746 Minorem
740 685 771 745 S.
785 685 933 748 Francisci
945 685 984 747 de
992 685 1179 748 observantia
1190 689 1293 751 Recol-

150 789 296 848 lectorum
305 791 549 864 nuncupatorum
561 782 700 844 Ditecesis
711 785 902 862 Argustana,
915 782 1003 860 cujus
1013 782 1230 847 administratio
1239 785 1293 849 tibi

150 883 310 946 commism
323 888 384 958 rat,
398 889 429 944 et
440 881 641 942 collabentem
655 881 685 941 in
697 898 733 941 eo
747 880 914 959 regularem
929 879 1133 959 disciplinam,
1147 880 1188 943 ob
1198 880 1294 945 inter-

149 982 271 1042 missam
281 979 433 1050 nonnullis
445 978 483 1040 ab
501 978 571 1039 binc
585 977 671 1039 annm
684 977 723 1039 ab
737 977 871 1055 ejusdem
886 976 1004 1040 Ordinis
1020 977 1155 1040 Ministro
1167 978 1293 1041 Provin-

147 1079 214 1140 ciaii
244 1077 404 1139 Provinciae
425 1075 558 1137 Bavaria
577 1074 654 1135 illius
676 1072 892 1149 visitationem,
916 1079 948 1134 et
974 1073 1109 1135 nondum
1133 1079 1292 1153 sepum

147 1174 280 1253 ejusdem
300 1188 371 1243 oum
391 1171 541 1234 nonnullis
563 1171 627 1232 aliis
648 1169 843 1231 conventibus
870 1170 916 1231 vel
937 1169 1077 1233 domibus
1087 1169 1231 1249 religiosis
1248 1169 1293 1232 sir

148 1272 257 1334 militer
274 1271 445 1346 derelictis,
459 1269 640 1333 erectionem
655 1269 685 1329 in
702 1267 872 1331 custodiam
883 1269 971 1346 juxta
984 1268 1134 1331 indultrun
1145 1267 1293 1349 apostoli-

147 1387 217 1430 cvnu
232 1367 410 1449 areligiosis
426 1367 553 1448 &super
574 1367 769 1446 impetratum
788 1365 880 1426 Nobis
902 1365 1076 1443 hujusmodi
1094 1366 1292 1446 praeparatio-

147 1481 232 1541 nem,
249 1472 378 1541 statum,
392 1480 594 1545 progressum,
610 1469 641 1522 et
659 1462 866 1523 executionem
879 1468 1083 1539 concernunt,
1099 1460 1291 1542 decernendi,
1380 1539 1383 1546 Ι

147 1559 208 1623 Nec
231 1578 291 1624 non
312 1561 394 1624 eirca
416 1560 550 1624 divimm
569 1560 695 1636 cultum,
711 1560 849 1621 Ecclesiae
867 1560 1023 1637 decorem,
1042 1561 1210 1640 regolarem
1232 1563 1292 1625 dis·

146 1658 304 1738 ciplinam,
318 1659 526 1738 religiosomm
539 1674 655 1732 mores,
670 1666 702 1719 et
715 1676 816 1720 rerum
828 1660 1038 1738 temporalium
1052 1659 1289 1740 distentionem,

147 1755 262 1835 aliaque
280 1755 383 1818 omnia
395 1763 427 1816 et
440 1755 557 1834 singula
574 1755 614 1815 ad
633 1762 734 1817 actum
747 1755 920 1832 hujusmodi
932 1756 1108 1821 visitationis
1118 1759 1291 1838 quomodo-

143 1870 275 1932 cumque
297 1851 476 1932 pertinentia
497 1851 652 1929 diligenter
669 1852 853 1931 inquirenda
868 1871 904 1914 ac
919 1852 949 1913 in
971 1853 1131 1933 premissis
1150 1855 1291 1926 omnibus

144 1957 176 2010 et
187 1948 312 2028 singulis
321 1964 519 2028 qtmnrmque
529 1947 732 2025 correctione,
746 1948 956 2010 emendatione
972 1956 1003 2010 et
1014 1949 1226 2013 reformatione
1239 1950 1290 2010 in-

144 2047 246 2125 digere
270 2043 463 2122 cognoveris,
485 2042 524 2105 ad
540 2043 649 2122 regule
672 2051 703 2105 et
723 2045 973 2106 constitutionum
994 2045 1126 2121 ordinis,
1152 2063 1207 2107 nec
1227 2063 1288 2107 non

144 2155 302 2205 sacrorum
310 2157 477 2215 canonum,
488 2140 738 2203 constitutionum
750 2142 984 2222 apostolicarum
997 2148 1028 2202 et
1038 2141 1156 2203 condlii
1167 2141 1290 2203 Triden-

144 2239 200 2300 tini
215 2236 420 2318 prnscriptum
432 2236 618 2316 comigeudi,
639 2236 818 2299 emendandi
838 2246 869 2299 et
880 2238 1061 2300 reformandi
1071 2238 1185 2299 abusus
1193 2256 1289 2318 quoe-

142 2352 275 2414 cumque
295 2334 432 2411 tollendi,
445 2353 481 2396 ac
495 2333 641 2414 inprimis
654 2334 790 2397 divinum
802 2336 933 2409 cultum,
948 2335 1182 2400 eeclesiasticam
1195 2335 1290 2398 disci-

142 2431 256 2512 plinam
280 2419 551 2493 etobservantiam
573 2432 758 2510 regularem,
780 2431 805 2493 si
824 2431 853 2492 in
873 2433 972 2511 aliquo
992 2431 1170 2508 exciderint,
1191 2432 1289 2494 modis

142 2526 284 2588 omnibus
296 2525 483 2589 restaurandi
497 2536 527 2588 et
542 2527 759 2606 reintegrandi3
772 2528 796 2587 si
812 2547 889 2608 quos
903 2528 933 2588 in
957 2528 1071 2608 aliquos
1084 2528 1288 2608 delinquentes

143 2625 304 2704 repereris,
323 2626 411 2703 juxta
424 2625 583 2685 canonicas
597 2621 762 2685 sanctiones
775 2631 806 2685 et
826 2625 972 2704 regularia
992 2625 1127 2687 instituta
1146 2626 1288 2707 puniendi
1394 2681 1396 2685 .

144 2731 174 2783 et
187 2724 368 2803 castigandi,
380 2724 496 2803 abactae
508 2723 610 2783 omnia
623 2722 768 2798 faciendi,
779 2722 900 2801 gerendi
914 2721 1098 2799 ,statuendi,
1110 2722 1288 2786 decernendi

128 2861 130 2866 -
142 2827 174 2881 et
187 2822 382 2900 exequuticni
394 2820 611 2890 demandandi,
629 2839 695 2900 mre
710 2820 801 2882 modo
815 2821 969 2900 praemisso
982 2839 1041 2900 pro
1058 2829 1142 2901 recto
1153 2821 1288 2899 ejusdem

143 2926 306 2979 conventus
337 2918 497 2995 regimine,
519 2917 663 2995 regularis
685 2916 895 2990 observantiae,
920 2917 1119 2996 religiosaque
1149 2917 1232 2997 pacis
1257 2925 1288 2978 et

143 3012 309 3073 concordiae
323 3013 551 3073 confirmatione
563 3056 570 3087 ,
581 3012 627 3071 vel
638 3011 853 3071 restauratione
864 3014 958 3090 magis
971 3013 1001 3073 in
1014 3015 1140 3074 Domino
1149 3014 1288 3093 expedire.

142 3107 340 3185 judicaveris,
355 3113 466 3168 etcum
480 3108 621 3167 omnibus
632 3114 663 3166 et
679 3107 802 3184 singuiis
816 3108 880 3167 aliis
892 3108 1081 3169 facultatibus
1092 3109 1129 3169 ed
1144 3108 1174 3170 id
1188 3128 1288 3170 neres

143 3203 240 3279 soriis,
259 3212 290 3265 et
300 3203 487 3283 opportunis,
502 3202 741 3282 quibuscumque
755 3203 786 3263 in
800 3203 983 3265 contrarium
997 3223 1056 3265 non
1073 3204 1260 3268 obstantibus
1279 3232 1285 3267 :

141 3299 377 3361 contradictores
396 3307 486 3378 atque
504 3299 646 3375 rebelles,
665 3300 691 3359 si
707 3300 758 3378 qui
771 3299 893 3376 inerint,
911 3318 964 3380 per
974 3319 1116 3365 censuras
1129 3303 1288 3367 ecclesias-

144 3396 237 3472 ticas,
253 3397 368 3476 dieque
378 3396 454 3473 juris
475 3403 506 3456 et
525 3396 595 3456 iacti
613 3396 761 3472 remedia,
786 3397 868 3457 omni
884 3398 1083 3477 appellatione
1101 3401 1286 3480 postposita,

143 3493 360 3574 compescendo
376 3517 383 3554 z
399 3493 537 3554 invocate
551 3493 642 3554 etiam
654 3494 692 3554 ad
704 3494 777 3571 boc,
794 3496 818 3556 si
834 3515 910 3576 opus
923 3496 1028 3573 luerit,
1044 3498 1154 3560 auxilio
1172 3497 1286 3561 brachii

144 3591 303 3653 saecularis.
322 3590 497 3652 blandantes
511 3599 670 3671 propterea
680 3592 710 3653 in
722 3593 830 3655 virtute
846 3602 955 3656 secrete
969 3594 1161 3669 obedientie,
1175 3614 1211 3657 ac
1231 3598 1287 3659 sub

144 3687 353 3767 indignationis
365 3697 488 3764 nostrae,
502 3689 624 3768 aliisque
635 3691 758 3752 arbitrio
769 3699 871 3752 nostro
885 3691 1071 3771 imponendis
1082 3691 1175 3771 poenis
1185 3692 1283 3753 omni-

144 3783 200 3846 bus
212 3793 241 3846 et
258 3787 380 3866 angulis
401 3786 532 3866 predicti
550 3794 712 3848 conventus
731 3787 944 3867 superioribus,
966 3787 1107 3849 iratribus
1130 3795 1162 3850 et
1183 3805 1285 3868 perone

144 3884 204 3962 nis,
219 3887 388 3965 caeterisque
403 3887 440 3947 ml
458 3904 534 3965 quos
549 3893 666 3966 spectat
680 3893 713 3946 ut
726 3893 755 3946 te
776 3893 806 3946 et
823 3905 965 3965 personas
979 3885 1196 3948 ecclesiasticas
1210 3905 1229 3947 a
1244 3893 1285 3962 te,

145 3991 177 4044 ut
189 3985 355 4064 prefertur,
365 3984 599 4065 subdelegandas
608 3985 639 4045 in
649 3983 817 4046 visitatores
834 3984 1014 4064 apostolicos
1026 4002 1044 4046 a
1055 3984 1158 4062 Nobis,
1171 3990 1286 4062 utprae-

143 4080 247 4157 ier-tm,
270 4081 432 4161 deputatos
451 4089 622 4144 reverenter
639 4081 803 4161 accipiant,
819 4089 948 4160 tuaque,
970 4080 1134 4142 stillarum
1154 4078 1286 4140 salubria

144 4180 259 4239 monita
269 4188 299 4240 et
314 4180 455 4242 mandra
468 4180 620 4242 bumiliter
634 4179 813 4259 suscipiant,
822 4186 854 4240 et
866 4178 1026 4240 efficaciter
1040 4175 1202 4254 adimplere
1216 4194 1286 4255 pro·

145 4281 267 4351 curent,
289 4275 421 4354 alioquin
430 4278 628 4345 'sententiam
644 4276 705 4336 sive
716 4295 848 4355 poenam,
858 4294 950 4354 quam
963 4275 1018 4334 rite
1031 4273 1151 4348 tuleris,
1162 4279 1284 4334 senatr-

145 4371 238 4431 tueris
256 4371 287 4431 in
308 4371 450 4448 rebelles,
464 4382 560 4434 ratam
572 4374 765 4447 babebimus,
779 4382 808 4434 et
822 4373 980 4446 iaciemus,
1001 4377 1123 4433 auctore
1135 4372 1282 4446 Domino,

146 4483 240 4544 usque
261 4467 299 4528 ad
313 4467 491 4547 condignam
503 4470 734 4531 satisfactionem
749 4467 954 4530 inviolabiliter
969 4467 1128 4528 observari.
1144 4469 1209 4530 Nou
1225 4469 1285 4549 ob7
