3194 5354
218 472 253 520 8⁰
646 463 851 517 caniturus
869 465 934 519 xlv

219 579 308 650 atque
326 567 480 644 absolvas,
503 565 593 627 aliam
615 584 686 628 sero
701 575 837 647 partem,
856 586 950 648 quam
967 568 1007 628 ab
1024 568 1129 630 iisdem
1147 570 1248 634 adbuc
1265 573 1372 638 deberi

219 666 371 745 volumus,
381 670 494 742 tuoque
506 662 697 723 statuendam
708 662 824 741 judicio
837 683 894 744 pro
905 665 1053 744 cujusque
1068 683 1178 728 ceasia
1187 669 1308 732 ratione
1319 689 1374 732 re-

219 761 396 842 linquimus,
424 777 481 820 sno
499 777 591 839 quam
612 758 736 820 minime
757 768 883 841 pensent
907 760 1116 838 incommodo,
1141 770 1233 844 atque
1256 764 1374 829 idcirco

218 856 337 919 nonnisi
352 873 447 918 unum
456 855 591 935 quolibet
605 873 708 916 mense
716 874 772 936 pro
787 857 901 936 populo
913 875 1054 933 sacrum,
1064 876 1163 939 eoque
1176 878 1241 940 quo
1250 861 1373 925 libitum

219 952 316 1033 magis
325 951 414 1014 luerit
427 949 477 1012 die
488 968 634 1031 reponere
644 957 813 1012 teneantur.
826 953 892 1025 Qua
901 951 1025 1032 quidem
1033 954 1190 1032 pontiticia
1197 956 1297 1034 gratia
1305 975 1374 1019 cos·

219 1049 290 1111 dem
311 1049 509 1128 imposterum
524 1046 611 1108 valde
624 1048 764 1127 cupimus
777 1049 817 1109 ad
839 1048 869 1109 id
883 1050 998 1130 ipmm,
1020 1051 1105 1131 quod
1122 1053 1237 1134 populo
1254 1072 1374 1136 suoque

221 1149 338 1211 muneri
349 1148 459 1210 debent
473 1154 614 1209 accurate
625 1147 857 1226 persolvendum
867 1149 1004 1210 excitari.
1015 1152 1115 1231 Atque
1125 1150 1191 1214 bae
1200 1151 1314 1215 idcirco
1326 1153 1374 1216 lu-

221 1248 284 1308 sius
297 1264 385 1327 ngere
396 1253 497 1307 mum
508 1243 670 1318 voluimus,
686 1244 872 1306 Venerabilis
885 1246 1001 1321 Frater,
1013 1254 1046 1307 ut
1059 1249 1326 1329 propensissimum
1341 1253 1375 1313 in

223 1352 252 1407 te
264 1347 450 1409 voluntatem
462 1349 599 1404 nostram
607 1361 645 1402 ex
655 1342 713 1402 boc
728 1342 794 1422 ipso
805 1342 1001 1421 intelligeres,
1011 1343 1094 1424 quod
1104 1352 1225 1407 tantum
1235 1346 1377 1409 videlicet

223 1445 374 1507 rationum
393 1444 456 1504 rim
477 1441 571 1503 Nobis
593 1440 712 1501 olstme
736 1458 858 1501 neeesse
884 1440 959 1503 luit.
980 1459 1018 1502 ne
1041 1442 1133 1503 simut
1157 1449 1190 1503 et
1215 1445 1376 1523 postulatis

223 1546 298 1613 tuis.
311 1554 341 1606 et
356 1551 464 1606 nostre
481 1539 670 1622 gratificandi
682 1538 736 1599 tibi
754 1537 912 1619 cupiditati
932 1539 1179 1619 obsequeremur.
1192 1542 1260 1601 Tua
1271 1540 1375 1623 itaque

225 1643 255 1703 in
270 1643 331 1703 Nos
340 1639 439 1702 studia
450 1639 597 1716 majorem
605 1637 635 1698 in
648 1634 774 1696 modum
785 1634 1030 1697 confirmabis.si
1043 1636 1083 1696 ad
1096 1634 1241 1699 tuendam
1253 1654 1376 1700 eamm-

224 1737 295 1799 dem
311 1738 412 1817 legum
434 1734 644 1796 auctoritatem
662 1732 806 1793 obfirmes
824 1731 1056 1793 sollicitudinem
1071 1740 1156 1794 tuam
1170 1779 1181 1809 ,
1193 1752 1377 1815 ummaqrrc

225 1853 283 1916 ope
293 1833 456 1896 connitaris
468 1831 507 1893 ad
521 1831 652 1911 abnuam
662 1849 718 1910 pro
726 1829 809 1904 zelo,
820 1827 981 1890 sedulitate
991 1848 1027 1891 ac
1035 1829 1194 1906 prudentia
1202 1838 1255 1891 tua
1268 1830 1378 1893 ineun-

224 1931 314 2007 dam,
329 1932 391 1991 Deo
410 1930 551 2007 jurante.
573 1928 652 1987 riam
674 1926 754 1987 illius
776 1925 945 1986 inculcandi
969 1927 1110 2006 precepti
1125 1926 1379 2006 altaqaaeanimis

225 2029 381 2105 omnium,
393 2027 445 2107 qui
460 2024 630 2086 animarum
639 2041 745 2084 curam
759 2031 916 2097 exercent,
931 2023 1091 2084 inserendi.
1104 2025 1235 2085 [temam
1247 2023 1287 2085 de
1298 2042 1378 2087 nos

225 2135 278 2187 tre
288 2144 360 2205 erga
373 2132 403 2186 te
416 2122 628 2186 benevolentia
639 2119 845 2200 magnitudine
858 2121 902 2180 ita
913 2128 1031 2181 certum
1045 2139 1114 2181 esse
1123 2128 1155 2183 te
1165 2121 1326 2201 capuanis,
1342 2129 1377 2183 ut

225 2225 361 2305 ejusdem
374 2224 490 2285 lrnctus
504 2219 711 2302 paratiaeimos
725 2218 778 2279 tibi
790 2218 855 2279 lore
864 2218 1154 2298 semperexistimes.
1168 2220 1214 2279 Ac
1227 2218 1260 2278 in
1272 2218 1379 2298 ponti-

227 2322 300 2384 licia
320 2320 454 2383 caritatis
472 2318 582 2400 pignus
604 2315 801 2397 apoetdicam
831 2313 1071 2375 benedictionem
1090 2313 1165 2391 tibi,
1187 2313 1380 2377 l'errerabil's

228 2420 342 2495 Frnter,
350 2425 466 2498 triaque
474 2414 543 2475 tidei
550 2412 1037 2493 commissopopuloperamanter
1047 2409 1249 2491 impertimur.
1259 2412 1378 2473 Date·

229 2516 340 2583 lione,
351 2521 422 2584 ete,
434 2513 485 2572 die
504 2523 538 2571 rs
553 2512 662 2590 aprilis
676 2521 763 2584 teto,
774 2513 966 2588 pacificatus
980 2516 1077 2572 nostri
1085 2517 1286 2591 campita.

736 2733 867 2802 mn.

680 2890 810 2932 naimo
833 2889 919 2930 mro

623 2999 751 3060 Pauo
770 2998 823 3057 ult
842 2997 984 3063 caten.

373 3127 527 3175 cumam
543 3123 819 3173 concarnationis
834 3122 994 3171 eissroms
1007 3122 1081 3169 nse
1097 3121 1240 3181 canisii,

534 3228 770 3306 centiens
797 3229 924 3304 Papa
953 3226 1061 3302 xlv.

1009 3378 1103 3435 uon,
1112 3383 1140 3426 τι
1154 3378 1237 3440 aprus
1248 3381 1318 3428 ma

271 3485 402 3554 Dilecte,
417 3490 474 3545 etc.
498 3485 543 3544 Ex
554 3484 620 3544 aliis
632 3485 742 3546 nostris
752 3503 824 3565 erga
836 3494 866 3546 te
878 3486 995 3567 paterni
1012 3484 1125 3547 amoris
1137 3487 1324 3566 argumentis
1332 3486 1385 3549 la-

230 3580 288 3643 eile
299 3580 471 3662 prospicere
484 3587 583 3662 potes,
594 3579 703 3641 dilecte
716 3580 771 3657 lili,
784 3599 877 3660 quain
888 3581 1016 3643 libenter
1028 3588 1098 3642 tuas
1108 3581 1319 3662 exceperimus
1329 3581 1385 3643 lit-

231 3687 312 3740 teras
328 3678 488 3758 singularis
501 3678 533 3739 in
546 3678 609 3739 Nos
623 3695 659 3738 ac
679 3676 876 3758 apostolicam
896 3678 975 3739 banc
985 3676 1095 3740 Sedem
1114 3677 1203 3753 fidei,
1213 3676 1385 3740 des-ononis

231 3785 322 3856 atque
344 3776 540 3839 observantie
564 3784 676 3853 testes,
695 3794 731 3837 ae
753 3775 918 3857 presertim
931 3776 1146 3837 continuantes
1161 3784 1280 3855 gratam
1297 3783 1387 3836 tuam

232 3884 350 3956 tuaque
362 3875 600 3955 congregationis
620 3894 693 3955 erga
706 3876 768 3937 Nos
782 3876 986 3949 voluntatem,
1006 3891 1078 3935 cnm
1091 3872 1308 3954 omnipotentis
1330 3871 1386 3934 θα·

230 3969 423 4033 clementiam
435 3990 491 4051 pro
502 3979 604 4032 nosue
622 3972 826 4034 imbecillitate
842 3973 872 4032 in
884 3969 1061 4050 gratissimo
1072 3968 1184 4031 summi
1197 3966 1389 4049 apoetalahas

232 4086 356 4130 munere
379 4066 510 4147 regerrda
530 4087 565 4129 ac
588 4069 738 4130 fulcienda
757 4069 913 4149 deprecari
928 4087 1084 4149 numpuam
1106 4088 1161 4130 ros
1173 4067 1390 4145 intermittere,

231 4168 390 4246 significes.
410 4168 500 4230 Nulla
512 4187 545 4229 re
561 4168 683 4231 uberiirs
694 4168 895 4249 comprobare
911 4178 1041 4231 vestram
1056 4189 1129 4250 erga
1142 4172 1205 4232 Nos
1221 4168 1390 4250 pietatm,

232 4281 329 4342 mque
341 4265 542 4347 opportunius
552 4265 718 4346 quidquam
730 4265 829 4327 lacere
838 4269 963 4346 potestis
973 4277 1004 4329 et
1017 4269 1108 4330 vestri
1121 4267 1250 4331 instituti
1260 4266 1391 4331 rationis

231 4367 261 4418 et
276 4361 384 4422 noetris
401 4362 483 4425 bisce
496 4363 605 4424 rebus.
619 4380 686 4441 quire
702 4361 804 4422 dii-ina
823 4364 1035 4427 tantummodo
1052 4384 1111 4446 ope
1126 4363 1324 4445 pruidimm
1335 4364 1391 4425 ni-

234 4464 347 4515 tuntur.
378 4460 440 4536 Age
462 4459 563 4538 igitur.
588 4458 696 4519 dilecte
721 4459 779 4521 tili.
797 4459 981 4522 lauieuamui
1003 4481 1121 4542 semper
1143 4462 1241 4541 magis
1261 4479 1334 4522 eum
1355 4460 1389 4521 ia
