3194 5354
396 480 397 484 ‘
478 485 661 542 mrsroue
680 485 725 539 ar
743 486 879 541 naevia
898 485 1131 544 sertemrona.
1339 495 1376 550 rr

750 644 848 716 XLV.

636 811 830 857 Vitianum
853 812 964 855 suurn

289 923 466 986 anduno
486 923 843 986 ARGflletScoPo
862 925 1122 999 ANGYRANO,
1144 926 1316 989 nostro

351 1047 393 1098 ur
408 1047 614 1098 arosromos
628 1048 716 1098 sums
731 1048 850 1101 nouom
866 1050 951 1101 arua
966 1050 1073 1101 amru
1090 1051 1249 1114 rotoma,

537 1151 773 1234 CLEMENS
800 1157 926 1234 PAPA
955 1155 1062 1234 XIV.

943 1324 1037 1384 Roma,
1047 1327 1077 1373 ts
1091 1320 1225 1372 decenbris
1241 1326 1310 1373 17⁶9.

271 1424 473 1501 Venerabilis,
490 1431 549 1489 etc.
565 1427 640 1488 Cum
656 1427 695 1488 ad
706 1426 898 1490 Venerabiles
911 1428 1031 1489 Fratres
1046 1428 1201 1491 universos
1218 1429 1372 1494 christiani

227 1520 310 1585 orbis
321 1522 478 1605 episcopos
487 1522 547 1588 hoc
557 1523 651 1586 nostri
665 1522 858 1606 pontificatus
869 1522 954 1586 initio
965 1523 1124 1605 epistolam
1138 1528 1322 1609 encyclicam
1336 1529 1373 1590 de

226 1638 311 1683 more
317 1622 505 1686 scribendam
514 1623 775 1701 duxerimus,eam
785 1620 1061 1701 adte,Venerabilis
1070 1623 1185 1701 Frater,
1196 1625 1374 1687 transmitti*

227 1717 1373 1804 mus‚ut,quemadmodumfierisolet,distribuendamististotiusregniepis
1493 1760 1502 1784 t

227 1815 311 1897 copis
319 1822 422 1879 nostro
429 1816 552 1880 nomine
561 1815 720 1897 diligenter
733 1833 832 1878 cures.
848 1815 961 1878 Eadem
971 1816 1103 1899 perlecta
1112 1815 1198 1880 facile
1212 1819 1371 1900 intelliges,

225 1913 313 1992 quale
324 1919 463 1976 nostmm
475 1913 514 1975 sit
525 1913 658 1976 studium
668 1914 707 1976 de
720 1931 825 1994 regum
834 1914 918 1976 cultu
934 1919 1024 1996 atque
1036 1914 1208 1978 obedientia
1220 1935 1259 1979 ex
1269 1916 1373 1981 diviua

223 2006 290 2089 lege
314 2011 498 2095 populorum
520 2010 628 2073 animis
652 2010 820 2074 inserenda.
843 2014 920 2074 Dum
939 2012 1040 2093 itaque
1063 2011 1160 2093 ipsam
1184 2014 1371 2096 encyclicam

224 2107 311 2167 istius
324 2107 408 2186 regni
423 2104 572 2191 episeopis
588 2106 705 2187 reddes,
718 2109 866 2186 volumus,
881 2113 916 2170 ut
932 2113 1036 2169 nostro
1046 2109 1169 2170 nomine
1182 2109 1372 2190 peculiariter

223 2208 316 2264 etiam
327 2204 450 2267 eosdem
459 2204 571 2268 excites
582 2204 620 2267 ad
628 2205 845 2268 considendum
856 2223 928 2266 cum
941 2204 1093 2284 religionis
1101 2210 1166 2266 tum
1176 2204 1323 2268 carissimi
1340 2207 1371 2268 in
1400 2256 1403 2260 .

224 2300 340 2364 Christo
352 2301 405 2363 filii
422 2301 518 2365 nostri
527 2303 666 2365 Stanislai
679 2301 806 2384 Augusti
819 2301 950 2364 Poloniee
965 2301 1044 2383 regis
1056 2302 1180 2365 illustris
1188 2303 1369 2384 rationibus,

224 2398 275 2480 qui
294 2401 588 2483 praeterquamquod
604 2420 642 2463 ex
653 2400 736 2482 regio
750 2418 874 2463 munere
887 2398 963 2462 tueri
975 2398 1177 2462 orthodoxam
1193 2400 1369 2482 religionem

223 2495 312 2559 debet
321 2543 330 2575 ,
347 2497 521 2578 hujusmodi
543 2517 603 2561 sua
620 2497 783 2561 voluntatis
799 2496 994 2580 perspicuum
1010 2494 1093 2558 dedit
1103 2494 1135 2558 in
1148 2503 1303 2579 postremo
1318 2517 1371 2561 se-

224 2601 312 2659 natus
325 2596 451 2659 consilio
462 2596 669 2660 testimonium
680 2593 720 2658 ad
730 2613 767 2657 ea
776 2593 889 2658 scilicet
902 2591 1063 2656 avertenda
1072 2639 1081 2672 ,
1091 2611 1158 2675 qua
1169 2594 1257 2656 isthic
1274 2596 1304 2672 in
1322 2597 1371 2658 ul-

225 2692 306 2756 timis
315 2694 446 2759 comitiis
456 2696 487 2760 iu
501 2694 652 2778 religionis
662 2693 878 2758 detrimentum
888 2698 957 2754 acta
968 2690 1097 2754 fuerant.
1111 2691 1204 2773 Igitur
1215 2694 1367 2775 preclare,

223 2793 588 2873 VenerabilisFrater,tuo
595 2792 732 2876 ergaNos
741 2789 860 2854 muneri
867 2787 1043 2865 satisfacies,
1051 2788 1075 2850 si
1083 2788 1205 2851 eosdem
1213 2791 1370 2873 episcopos

221 2889 277 2950 etsi
295 2908 350 2951 sua
364 2896 470 2970 sponte
483 2889 557 2952 satis
567 2907 750 2974 propensos,
761 2886 918 2968 proposita
932 2891 1035 2947 tamen
1051 2884 1206 2948 catholica
1218 2889 1370 2968 religionis

223 2984 368 3061 utilitate,
382 2990 413 3047 et
424 2986 497 3048 huic
507 2991 709 3048 consentaneo
723 2988 826 3044 nostro
837 2999 907 3058 erga
922 2980 1021 3060 ipsum
1042 2997 1143 3058 regem
1161 2980 1261 3042 studio
1272 2984 1369 3063 magis

223 3082 379 3163 magisque
390 3083 601 3146 inflammabis.
614 3079 649 3144 ld
657 3084 813 3158 tantopere
826 3082 885 3138 tua
898 3074 1056 3154 diligentia
1074 3092 1110 3137 ac
1119 3075 1269 3139 sedulitati
1281 3096 1370 3140 com-

222 3178 417 3258 mendamm,
430 3184 465 3243 ut
475 3196 512 3241 ea
524 3197 558 3241 re
576 3183 712 3241 nostram
725 3180 756 3238 te
770 3172 902 3236 maxime
916 3170 1168 3255 amplificaturum
1185 3174 1370 3239 benevolen-

223 3277 297 3338 tiam
314 3277 520 3354 polliceamur.
541 3279 575 3338 1n
591 3275 677 3354 cujus
695 3272 803 3355 pignus
819 3269 1015 3352 apostolicam
1036 3269 1276 3335 benedictionem
1295 3274 1368 3353 tibi,

224 3373 409 3435 Venerabilis
431 3376 546 3451 Frater,
572 3377 762 3453 peramanter
790 3367 989 3449 impertimur.
1011 3368 1125 3428 Datum
1152 3370 1268 3444 tome,
1293 3379 1369 3452 eta,

225 3469 274 3531 dte
292 3481 329 3532 23
343 3472 508 3534 decembris
521 3481 609 3548 tros,
623 3468 1010 3549 pontificatasaostrionao
1020 3467 1132 3544 ptimo.

703 3596 885 3612 ᾔ

738 3694 852 3766 XLVI.

479 3856 643 3900 marssruo
664 3857 700 3901 m
722 3856 859 3902 caarsro
881 3859 965 3903 rrum
987 3858 1108 3903 aosrao

330 3968 544 4030 STANISLAO
564 3970 744 4033 AUGUSTO
764 3971 944 4034 POLONIAE
965 3974 1059 4036 REGI
1079 3975 1257 4038 ILLUSTRI

528 4091 762 4175 CLEMENS
790 4098 919 4175 PAPA
946 4097 1054 4177 XIV.

939 4262 1035 4324 Romae'
1044 4271 1073 4314 aa
1084 4261 1218 4312 decembris
1234 4265 1302 4312 tlte.

262 4359 434 4434 Carissimo,
444 4370 504 4425 ete.
513 4364 576 4426 Etsi
585 4366 725 4445 Majestas
732 4369 797 4429 Tua
809 4367 946 4430 dubitare
957 4368 1080 4429 minime
1090 4367 1185 4446 possit
1194 4367 1232 4428 de
1240 4373 1366 4448 patema

221 4459 324 4517 nostra
335 4457 505 4539 voluntate,
520 4480 580 4543 quia
601 4482 706 4527 sumus
719 4484 790 4545 erga
804 4484 909 4528 omnes
925 4465 1095 4527 carissimos
1115 4464 1144 4526 in
1158 4464 1276 4528 Christo
1289 4465 1366 4528 tilios
