3194 5354
476 503 657 560 Ertsroua:
676 504 727 557 ET.
740 503 874 557 anvtt
894 504 1124 559 srzusscnona.
1321 500 1376 558 293

723 697 870 767 CCLVll.

639 856 829 900 vultuum!
852 857 964 897 ruem

339 915 539 1030 rosontio
573 962 945 1028 nhcfllunlscoro
980 963 1256 1039 BERYTENSl,

429 1097 471 1143 hl)
487 1093 679 1144 centssntunt
696 1095 728 1142 ln
745 1094 880 1142 cnnlsro
896 1092 1009 1141 FILIUM
1025 1091 1172 1141 NOSTRUM

371 1198 566 1248 STthSthM
582 1197 752 1247 AUGUSTUM
768 1197 916 1246 POLONIAE
931 1197 1037 1245 REGEM
1054 1197 1230 1246 tutusrnnn

478 1302 599 1351 NOSTRO
615 1301 654 1349 ET
670 1301 758 1349 sums
775 1301 978 1348 APOSTOLIGAE
993 1299 1126 1358 nunno,

534 1406 769 1484 CLEMENS
797 1407 925 1483 PAPA
953 1406 1060 1483 xlv,

1011 1543 1110 1617 nomm,
1122 1562 1135 1605 3
1146 1557 1225 1606 martii
1243 1563 1311 1607 177⁴.

271 1663 466 1733 Venerabilis,
481 1671 538 1725 eto.
555 1664 629 1725 tlmn
644 1662 721 1725 inter
739 1681 843 1738 curas,
856 1681 891 1725 uc
907 1661 1136 1742 sollicitudines,
1156 1664 1265 1744 quibus
1280 1665 1376 1727 caris-

223 1759 317 1821 simus
329 1759 359 1821 in
374 1760 491 1822 Christo
507 1760 585 1821 lilius
603 1767 706 1822 noster
719 1759 884 1823 Stanislaus
898 1763 1052 1840 Augustus
1065 1760 1194 1823 Polonia
1206 1763 1268 1823 Rex
1287 1762 1377 1826 Illus-

224 1854 278 1916 tris
298 1874 429 1918 necnon
447 1856 563 1936 inclytae
577 1856 759 1938 Reipubliere
778 1857 897 1919 ordines
914 1857 952 1919 ud
970 1863 1084 1920 rectam
1101 1858 1267 1937 juventutis
1288 1860 1377 1921 insti-

224 1953 372 2015 tutionem
387 1955 521 2015 animum
539 1954 713 2032 intendunt,
727 1974 764 2017 ea
781 1956 932 2037 precipua
952 1956 1008 2035 sit,
1023 1963 1057 2019 ut
1073 1975 1136 2022 non
1154 1956 1246 2019 modo
1267 1958 1377 2020 schola

224 2051 371 2112 hactenus
385 2051 545 2113 existentes
558 2052 643 2113 novis
657 2051 838 2132 adjumentis
849 2052 1021 2133 fulciantur,
1037 2072 1141 2115 vemm
1155 2053 1247 2116 etiem
1260 2053 1298 2115 ad
1306 2074 1377 2117 ma-

223 2150 322 2227 J'orem
347 2149 473 2231 publicae
486 2150 528 2212 rei
554 2151 715 2214 utilitatem
732 2152 821 2214 latius
845 2160 1063 2237 propagentur,
1086 2171 1123 2214 ex
1137 2160 1222 2233 parte
1240 2152 1376 2232 ejusdem

225 2246 365 2309 Stanislai
378 2249 503 2330 Augusti
518 2249 624 2330 Regis,
637 2257 668 2311 et
678 2251 886 2314 Octovirorum
894 2251 1043 2331 juventuti
1058 2249 1246 2312 instituendo
1259 2252 1376 2332 suppli-

224 2353 328 2408 catum
350 2349 443 2410 Nobis
463 2349 535 2426 luit,
551 2357 585 2412 ut
606 2357 709 2413 nostra
730 2351 822 2412 etiam
843 2350 1022 2412 auctoritate
1044 2349 1187 2410 salutaria
1200 2348 1375 2427 hujusmodi

225 2443 349 2506 consilia
370 2445 465 2524 tueri,
482 2446 578 2528 iisque
595 2465 630 2508 en
652 2454 738 2529 parte
751 2453 855 2510 nostra
869 2466 975 2529 opem,
998 2466 1033 2510 ae
1054 2465 1178 2509 inanum
1198 2446 1376 2526 adjutricem

224 2545 376 2626 porrigere
393 2544 597 2627 dignaremur.
614 2548 675 2609 Nos
688 2546 798 2628 quibus
818 2546 892 2608 nihil
904 2546 1004 2628 potius
1025 2552 1088 2624 est,
1102 2565 1194 2627 quam
1209 2564 1279 2607 eum
1298 2544 1375 2607 civili

224 2643 315 2707 etiam
330 2645 519 2726 religiosam,
533 2652 564 2708 et
577 2646 758 2708 catholicam
774 2644 940 2725 juventutis
954 2642 1172 2705 institutionem
1186 2643 1298 2724 ubique
1312 2649 1377 2704 ter-
1455 2677 1457 2681 ι

226 2764 329 2807 rarum
345 2764 540 2827 promovere,
563 2750 596 2807 ut
610 2744 717 2807 Christi
739 2743 841 2805 fideles
861 2761 923 2824 quo
946 2741 1043 2822 magis
1066 2741 1209 2822 religiosis
1223 2760 1259 2803 ac
1276 2741 1377 2803 civicis

221 2840 327 2903 oiiiciis
339 2841 487 2919 instructi,
503 2861 541 2903 eo
555 2842 646 2903 etism
658 2840 792 2903 utiliores
803 2845 868 2900 tum
878 2837 1028 2915 Ecclesia,
1044 2845 1110 2899 tum
1122 2837 1301 2918 Reipublica
1310 2836 1376 2898 red-

224 2936 346 3013 duntur,
359 2936 554 3018 petitionibus
571 2955 661 3017 super
672 2937 731 2997 hoo
743 2935 835 2996 Nobis
848 2934 994 3015 porrectis
1007 2934 1135 3013 benigne
1147 2933 1279 2994 inclinati
1300 2936 1376 2994 Fra-

223 3033 354 3095 temitati
371 3041 448 3110 tuae,
463 3032 582 3114 tuisque
595 3033 627 3093 in
644 3032 745 3093 officio
766 3032 824 3093 isto
839 3029 1059 3092 successoribus
1070 3048 1126 3110 pro
1149 3037 1285 3109 tempore
1299 3030 1376 3091 exis·

223 3129 355 3192 tentibus
375 3130 502 3207 nostris,
527 3135 760 3209 nostrorumque
786 3112 1016 3201 successorum,
1039 3132 1070 3186 et
1092 3124 1268 3205 Apostolicee
1291 3124 1376 3187 Sedis

223 3227 342 3288 Nuntiis
361 3226 594 3304 committimus,
609 3233 640 3289 et
651 3225 845 3302 mandamus,
856 3232 889 3287 ut
900 3243 1021 3301 omnes,
1034 3231 1064 3286 et
1078 3223 1209 3305 singulos
1223 3224 1376 3306 religiosos

222 3324 364 3387 ordinum
378 3325 561 3405 regularium
572 3325 774 3407 professores,
793 3343 870 3406 quos
891 3322 929 3385 od
941 3341 1053 3385 munus
1065 3320 1239 3384 instituendi
1249 3321 1374 3403 pietate}

223 3442 259 3483 ao
279 3421 373 3484 literis
390 3423 580 3502 juventutem
604 3423 743 3500 idoneos,
766 3430 796 3484 et
817 3421 947 3502 aptiores
968 3421 1130 3503 repereris,
1151 3428 1181 3483 et
1195 3421 1377 3501 judicaveris

225 3520 347 3598 (habito
362 3520 444 3603 prius
459 3540 529 3582 cum
548 3521 753 3603 superioribus
772 3538 878 3582 eorum
897 3520 1129 3602 provincialibus
1149 3520 1290 3599 consilio)
1311 3520 1376 3583 dis-

223 3638 331 3699 penses
344 3620 406 3683 imo
418 3620 558 3698 inducas,
571 3626 604 3682 ut
616 3608 807 3696 scholarum,
821 3618 930 3701 quihus
943 3617 1073 3679 Octoviri
1083 3616 1214 3698 predicti
1231 3635 1283 3679 eos
1294 3611 1376 3699 pras-

224 3715 312 3779 iieere
334 3718 509 3795 intendunt,
531 3737 637 3780 curam
657 3717 838 3800 suscipiant,
861 3703 1159 3799 easque‘diligenter,
1186 3734 1222 3778 ao
1239 3717 1376 3798 religiose

223 3819 344 3891 regant3
365 3814 485 3896 proviso
498 3820 616 3892 tamen,
640 3832 679 3876 ne
699 3813 826 3895 religiosi
847 3812 981 3898 predicti
1001 3812 1038 3876 ed
1060 3831 1171 3875 munus
1192 3812 1321 3876 docendi
1344 3813 1375 3877 in

224 3909 334 3970 scholis
345 3911 472 3990 puhlicis
485 3912 600 3974 evocati
612 3917 699 3974 extra
717 3911 882 3974 claustrum
894 3910 938 3972 sui
950 3910 1115 3992 respective
1124 3909 1253 3989 ordinis,
1268 3910 1314 3972 vel
1328 3911 1376 3972 al-

225 4005 337 4081 terius,
350 4005 374 4067 si
389 4007 502 4089 proprii
518 4008 645 4071 instituti
659 4026 721 4071 nou
735 4006 827 4085 adsit,
840 4013 1077 4084 commorentur,
1088 4023 1163 4069 neve
1178 4012 1302 4087 propter
1316 4023 1376 4066 no-

223 4122 295 4164 vum
306 4120 417 4164 munus
431 4103 471 4165 ab
490 4105 562 4186 ipsis
577 4112 750 4190 susceptum
769 4124 787 4168 a
803 4105 905 4169 dehita
918 4125 990 4188 erga
1002 4105 1171 4189 superiores
1187 4104 1315 4181 locales,
1328 4106 1376 4174 vel

223 4198 420 4278 provinciales
434 4199 619 4279 obedientia,
632 4204 841 4285 consuetisque
855 4223 891 4267 ae
903 4204 1011 4269 dabitis
1021 4206 1166 4287 regularis
1179 4205 1375 4268 observantia

224 4297 370 4360 exercitiis
388 4297 461 4375 (nisi
477 4298 506 4359 in
521 4300 621 4383 aliquo
638 4296 842 4383 eosexprasse
856 4303 930 4365 etin
946 4302 1064 4383 seriptis
1079 4300 1375 4384 juxtsprudentiem

225 4405 308 4452 tuam
322 4393 554 4474 dispensaveris)
570 4396 795 4460 subtrahantur.
810 4399 895 4473 Quod
910 4399 933 4458 si
946 4398 974 4459 in
986 4397 1087 4478 aliquo
1099 4406 1249 4461 conventu
1262 4418 1297 4462 ac
1307 4418 1374 4462 mo-

225 4489 354 4563 nasterio
365 4490 481 4552 scholas
492 4491 571 4571 ipsas
586 4493 691 4573 aperiri
706 4494 907 4574 contingeret,
923 4493 1060 4557 volumus
1069 4540 1076 4572 ,
1088 4501 1117 4556 ct
1132 4513 1269 4577 expresse
1285 4516 1374 4581 man-
