3194 5354
480 437 661 496 EPISTOLAE
679 440 723 495 ET
742 439 878 495 BREVlA
894 437 1128 496 subscribite.
1338 450 1370 500 st

230 546 357 613 ruodum
367 545 406 609 de
418 544 511 607 Nobis
524 544 624 624 deque
636 543 774 605 universa
786 543 919 605 Ecclesia
929 562 1053 624 pergas,
1065 545 1290 627 conjunctisque
1304 552 1375 610 tuo—

234 663 303 706 rum
313 642 448 705 omuium
460 639 537 703 votis
546 638 695 718 ejusmodi
704 639 797 701 Nobis
809 638 968 715 auxilium,
982 658 1044 720 quo
1052 639 1183 705 maxime
1194 640 1374 722 indigemus,

232 757 357 803 exorare
368 756 430 801 non
439 737 576 800 desistas.
591 737 645 799 His
656 737 803 818 precipuo
816 735 923 800 officiis
940 742 1072 818 peteme
1085 742 1192 799 nostre
1205 736 1242 798 de
1257 743 1287 799 te
1300 736 1376 800 fidu-

232 835 298 914 cic,
318 835 457 917 preclare
476 833 670 916 respondebis
680 833 902 914 ,excitabisque
915 831 1013 894 adhuc
1024 831 1119 913 magis
1131 831 1270 894 eximiam
1281 833 1374 914 illam,

231 931 335 1012 quain
349 937 380 994 te
394 937 522 1011 tuosque
537 947 654 1007 sumus,
664 929 918 1008 benevolentiam,
931 929 1017 1008 cujus
1027 928 1279 1009 cumulatissimae
1296 928 1376 992 irue-

229 1037 279 1091 tus
287 1045 443 1108 nunquam
452 1027 506 1089 tibi
512 1046 569 1109 pro
576 1025 960 1110 opportunitatedeiuturos
969 1028 1229 1110 essepollicemur.
1240 1022 1286 1091 Ita
1292 1029 1374 1092 enim

229 1126 329 1189 animo
343 1143 415 1207 erga
432 1131 462 1188 le
474 1131 619 1205 tuamque
634 1124 896 1204 congregationem
912 1125 1078 1206 comparati
1096 1144 1217 1204 sumus,
1233 1132 1268 1187 ut
1285 1144 1373 1188 earn-

228 1226 298 1289 dam
312 1225 483 1290 christianis
495 1224 655 1286 virtutibus
675 1222 781 1284 indies
801 1222 983 1299 auctiorem,
997 1221 1168 1303 meritisque
1188 1221 1372 1284 cumulatio-

228 1340 294 1385 rem
306 1323 371 1386 lieri
385 1339 576 1402 summopere
588 1321 755 1402 cupiemus.
768 1320 990 1383 iucundissima
1002 1321 1127 1402 proinde
1139 1314 1232 1383 Nobis
1246 1321 1301 1383 init
1313 1339 1331 1382 a
1342 1327 1372 1384 te

228 1418 309 1482 iacta
322 1426 500 1496 vestrarum,
516 1437 581 1500 que
594 1417 681 1480 isthic
703 1424 787 1494 sunt,
808 1435 908 1480 rerum
924 1417 1101 1500 descriptio,
1116 1438 1274 1500 quaecum
1285 1438 1371 1482 sanc·

230 1519 324 1582 litatis
335 1518 428 1582 odore
445 1517 604 1600 propagari
619 1535 654 1579 nc
670 1533 840 1577 excrescere
855 1515 896 1577 ita
908 1515 1085 1596 gaudemus,
1101 1522 1145 1595 ut,
1156 1535 1218 1597 quo
1231 1517 1262 1579 id
1275 1517 1371 1597 magis

228 1615 414 1679 efflorescere
431 1615 545 1697 possit,
566 1629 667 1695 opem,
689 1611 898 1674 auctoritatem
916 1614 1095 1692 engratiam
1115 1632 1187 1694 erga
1204 1633 1257 1677 vos
1271 1632 1370 1676 meam

225 1713 448 1795 paratissimam
459 1731 577 1794 semper
588 1710 717 1775 habituri
728 1710 832 1774 simus.
843 1713 885 1773 De
896 1728 957 1791 qua
967 1711 1021 1773 etsi
1035 1718 1195 1794 perspecta
1203 1712 1289 1776 vobis
1297 1731 1371 1776 nos—

229 1821 278 1874 tra
289 1812 441 1876 voluntate
456 1811 531 1873 dum
545 1811 685 1874 certiores
697 1810 795 1872 adhuc
818 1827 870 1872 vos
884 1808 1026 1887 facimus,
1038 1810 1152 1892 hasque
1163 1811 1277 1872 litteras
1288 1817 1371 1875 taur—

227 1931 319 1993 quam
330 1911 489 1992 singularis
499 1915 608 1972 nostre
618 1910 650 1971 in
660 1926 714 1970 vos
730 1907 848 1990 pietatis
861 1913 1091 1970 monumentum
1102 1915 1204 1970 extare
1214 1908 1369 1988 cupimus,

226 2011 353 2073 invicem
371 2029 389 2071 a
405 2007 490 2071 vobis
503 2007 595 2068 etiam
614 2013 703 2093 ¹utque
716 2005 806 2066 etiam
828 2003 1053 2082 contendimus,
1070 2012 1104 2066 ut
1123 2011 1155 2068 et
1166 2024 1229 2085 qua
1240 2006 1371 2087 coepistis

226 2109 344 2171 viduus
354 2107 403 2169 via
412 2105 592 2183 insistentes,
605 2103 820 2166 etnostrisNos
834 2102 984 2184 assiduep
1036 2104 1184 2168 ationibus
1194 2104 1370 2184 adjuvantes

226 2202 398 2282 hujusmodi
413 2208 572 2285 paternum
587 2200 627 2262 de
642 2200 726 2262 vobis
740 2198 872 2261 studium
889 2216 960 2260 cum
973 2217 994 2280 p
1041 2199 1102 2261 ime
1115 2201 1204 2263 vestri
1218 2199 1371 2281 proiectus
1383 2263 1397 2280 ,

224 2299 410 2378 jucunditate
426 2299 621 2378 conjunctum
641 2297 742 2360 rovere
761 2314 877 2376 semper
897 2315 933 2359 ac
953 2297 1135 2379 amplificare
1153 2298 1301 2361 nitemini„
1326 2301 1370 2360 dc

228 2402 286 2458 tue
311 2395 550 2476 congregationis
562 2394 648 2456 initia
661 2399 750 2473 atque
762 2392 945 2457 incrementa
958 2395 1034 2456 votis
1045 2395 1196 2473 omnibus,
1216 2413 1252 2458 ac
1265 2395 1371 2458 divina

228 2492 416 2573 benignitatis
437 2492 575 2573 auspiciis
594 2496 808 2573 prosequentes
824 2490 1019 2572 apostolicam
1040 2490 1277 2555 benedictionem
1297 2493 1368 2578 tibi,

228 2587 334 2651 dilecte
348 2589 408 2667 lili,
433 2591 551 2670 tuisque
572 2595 672 2652 tecum
693 2587 725 2648 in
745 2586 922 2650 humilitatis
935 2606 971 2650 ac
985 2589 1117 2652 caritatis
1130 2589 1236 2670 spiritu
1249 2589 1370 2652 sociatis

227 2694 416 2767 peramanter
427 2687 625 2770 impertimur.
641 2689 757 2749 votam
769 2688 879 2757 Rome,
892 2693 965 2764 otc,
983 2698 1016 2748 tt
1042 2689 1151 2767 aprilis
1170 2700 1254 2765 tttc,
1270 2690 1369 2767 ponti-

221 2786 331 2879 ficatus
342 2791 435 2848 nostri
445 2805 522 2848 anno
532 2790 641 2864 primo.

707 2897 888 2907 .--.-.——---

722 3003 878 3070 LXXlll:

483 3155 647 3198 csnrssruo
667 3157 701 3196 ru
723 3156 858 3198 cunrsro
881 3157 969 3199 rrnro
993 3155 1110 3201 uosrno

330 3261 528 3321 LUDOVICO
550 3260 790 3321 FRANCORUM
811 3262 903 3323 nuel
924 3263 1259 3325 CHRISTIANISSlMO

525 3382 767 3462 CLEMENS
796 3387 919 3462 PAPA
951 3386 1056 3463 XIV.

474 3560 498 3613 p,
1032 3547 1125 3606 Rome,
1136 3553 1150 3597 s
1160 3547 1218 3608 maji
1233 3551 1301 3597 1770.

263 3649 432 3718 Corissinse,
454 3655 508 3710 etc.
531 3651 608 3710 Dum
629 3649 667 3710 ad
690 3649 914 3712 dilectissimam
934 3649 964 3710 in
980 3649 1096 3712 Christo
1116 3650 1209 3711 liliam
1232 3656 1366 3712 nostram

227 3749 379 3829 Aloysiam
396 3747 522 3810 Mariam
540 3748 653 3828 regiam
667 3747 830 3809 Galliarum
843 3746 1056 3827 Principissam
1070 3756 1154 3807 tuam
1176 3766 1230 3827 per
1244 3765 1367 3809 carnem

224 3842 434 3906 tilierndamus
447 3845 571 3922 litteras,
583 3844 670 3925 eique
680 3850 764 3905 tanta
772 3889 781 3920 ,
795 3850 941 3923 quantam
951 3842 1114 3905 maximam
1128 3860 1235 3924 capere
1249 3843 1366 3906 anirnus

225 3946 325 4001 noster
338 3946 453 4021 potest,
464 3941 568 4004 letitia
577 3941 762 4021 gratulamur
780 3939 817 4000 de
834 3939 926 4001 divini
947 3939 1067 4020 spiritus
1082 3939 1190 4019 gratia
1204 3959 1269 4022 que
1284 3941 1365 4002 illam

221 4036 259 4097 cd
270 4036 493 4119 suscipiendum
507 4036 700 4100 sanctissime
715 4037 780 4098 vilse
792 4036 961 4098 institutum
972 4037 1121 4115 excitavit,
1132 4037 1229 4100 lacere
1243 4038 1365 4098 minime

221 4149 398 4211 possumus,
416 4133 568 4195 carissime
583 4134 612 4195 in
624 4133 739 4195 Christo
753 4132 794 4194 tili
809 4139 923 4209 noster,
938 4132 1011 4212 quin
1027 4128 1083 4194 hos
1094 4127 1260 4194 uberrimos
1272 4131 1363 4192 animi

221 4228 315 4288 nostri
324 4247 429 4290 seusus
440 4229 470 4290 in
481 4236 639 4310 paternum
653 4246 773 4310 quoque
787 4228 883 4308 Regin
894 4229 1057 4306 Maiestatis
1070 4230 1140 4290 'lun
1154 4228 1253 4288 sinum
1264 4225 1365 4289 effun-

219 4327 345 4404 damus,
357 4335 524 4410 nostreque
539 4329 628 4408 hujus
643 4326 839 4406 jucunditatis
861 4327 1016 4388 cumulum
1038 4333 1138 4386 tecum
1157 4324 1364 4386 communice-

221 4441 301 4500 tuus,
315 4423 352 4484 ad
368 4442 457 4503 quern
469 4425 622 4486 latendum
636 4424 757 4504 quidem
769 4430 812 4483 est
825 4429 914 4483 tante
928 4423 969 4483 rei
985 4428 1131 4499 tantaque
1141 4420 1237 4482 laudis
1246 4428 1362 4502 partein

1241 4536 1257 4581 o
