3194 5354
386 500 569 555 EPISTOLAE
587 501 633 555 ET
653 501 786 555 BREVIX
807 503 1043 559 SELECTIORA.
1237 513 1290 564 207

137 613 182 669 ter
196 610 329 686 perstare
345 611 375 668 ts
385 611 524 686 oportere
534 605 724 684 judicamus,
743 624 804 686 qup
821 606 922 669 divina
934 609 1089 672 voluntate
1107 612 1290 694 jampridem

136 703 381 781 constitutuscs,
395 720 492 783 neque
504 709 568 765 tam
578 702 833 776 adintirmitateru
844 709 929 767 tuam
940 724 1035 786 quam
1049 707 1087 769 ad
1098 710 1170 771 Jesu
1182 709 1289 774 Christi

137 821 227 882 opem
240 802 471 884 praesidiumque
482 802 646 884 respicere,
670 802 733 884 qui,
748 821 820 865 cum
837 802 868 864 in
883 821 920 866 eo
938 822 1007 887 spes
1025 812 1094 869 tuas
1105 807 1241 889 posueris
1259 816 1290 872 et

134 904 223 980 vires,
233 903 259 966 si
275 921 397 967 measse
409 903 482 980 erit,
498 903 621 980 tribuet,
634 908 665 964 ot
676 900 866 983 quacptima
875 901 993 965 suntad
1005 903 1155 985 agendum
1166 904 1290 971 consilia

133 1000 346 1083 suppeditabit.
361 1002 561 1081 Quapropter,
575 996 760 1060 Venerabilis
770 999 886 1075 Frater,
908 995 1056 1060 confirma
1065 1005 1095 1060 te
1105 997 1136 1061 in
1147 999 1289 1078 Domino,

134 1101 275 1183 omnique
289 1100 343 1164 oni
367 1118 404 1163 ac
426 1097 592 1162 vocationis
607 1095 766 1160 interdicto
786 1095 933 1158 desidedo
954 1095 1123 1160 Ecclesium
1143 1113 1288 1178 sponsam

134 1206 235 1277 tuam,
254 1200 341 1279 cujus
355 1197 387 1260 iu
402 1215 505 1261 amore
528 1194 731 1272 consenuisti,
752 1213 790 1256 ne
808 1194 925 1273 dosera
937 1213 1010 1274 urge
1032 1192 1121 1277 opus,
1140 1192 1224 1277 quod
1244 1195 1289 1260 ita

131 1294 187 1356 tibi
206 1313 225 1357 a
242 1298 305 1358 Deo
324 1293 522 1357 commissum
540 1291 614 1368 tuit,
627 1298 663 1354 ut
676 1291 715 1353 ab
727 1309 763 1353 eo
775 1309 945 1372 numquam
962 1290 1083 1370 diseili,
1096 1289 1149 1356 αἱ
1165 1290 1287 1356 immori

132 1391 258 1455 deberes
273 1416 281 1454 ε
297 1392 369 1454 illuc
384 1389 477 1455 aninu'
489 1389 566 1454 vires
579 1389 739 1466 contende,
760 1396 795 1452 ut
811 1390 877 1469 eins
894 1387 1009 1471 perh,
1018 1407 1112 1472 quam
1127 1391 1289 1474 superiori-

131 1488 188 1551 bus
209 1489 294 1553 annis
305 1495 495 1553 consectatus
507 1506 556 1565 ss,
569 1486 689 1551 insistas
705 1485 798 1549 etiam
821 1500 929 1565 senex,
942 1484 1068 1568 naaqae
1085 1491 1144 1548 tua
1156 1486 1289 1552 rationes

130 1604 236 1648 omnes
250 1586 431 1664 animarum,
450 1604 527 1666 quas
540 1584 667 1647 tuendas
688 1581 845 1663 suscepisti
861 1581 949 1645 saluti
967 1581 1150 1665 posthabens
1171 1582 1287 1649 bonurn

130 1689 283 1746 certamen
297 1703 392 1766 usque
406 1683 445 1746 ad
456 1701 563 1745 cursus
578 1679 872 1743 consummationem
884 1686 991 1757 certes,
1007 1677 1123 1760 tuisque
1135 1679 1238 1760 tidem,
1250 1700 1285 1743 ac

131 1780 192 1841 Deo
210 1781 323 1860 pariter
345 1782 386 1842 ita
402 1799 517 1859 serves,
534 1785 568 1841 ut
581 1796 654 1841 oum
667 1777 844 1840 Beatissimo
865 1777 974 1854 Paulo,
996 1775 1157 1858 precipere
1184 1777 1286 1841 animo

129 1877 226 1956 possis
246 1878 411 1960 repositam
430 1876 484 1939 tibi
509 1893 653 1939 coronam
672 1873 805 1955 justitia,
826 1892 919 1954 quam
942 1874 1046 1936 reddet
1065 1873 1118 1935 tibi
1138 1874 1286 1937 Dominus

128 1971 159 2032 in
177 1971 226 2034 iila
243 1972 291 2034 die
302 1972 403 2051 justus
415 1971 520 2050 judex.
540 1971 606 2032 Hoc
617 1975 755 2031 nostrum
766 1975 812 2030 est
825 1966 864 2030 de
878 1969 1032 2049 postulato
1051 1975 1104 2031 tuo
1117 1969 1283 2049 judicium,

128 2067 314 2129 Venerabilis
326 2069 440 2128 Frater.
455 2067 526 2141 Qus
542 2065 581 2128 ad
591 2064 799 2147 episcopatum
815 2084 877 2127 non
891 2065 1116 2147 suscipiendum
1130 2067 1286 2131 imbecilli-

127 2164 197 2225 tatis
215 2166 314 2226 valere
328 2164 405 2225 ratic
424 2168 541 2245 posset,
560 2162 668 2226 eadem
682 2161 721 2225 ad
738 2160 951 2225 dimittendum
973 2163 1046 2226 satis
1066 2183 1131 2227 esse
1154 2184 1215 2227 non
1238 2167 1286 2227 vi-

126 2260 226 2340 detur,
248 2281 320 2325 oum
341 2260 380 2324 ds
399 2278 436 2323 co
449 2259 616 2342 prasertim
636 2264 753 2339 agatur,
771 2257 823 2339 qui
843 2265 1000 2340 tamquam
1020 2266 1106 2321 vetus
1127 2260 1157 2321 in
1179 2261 1285 2324 niilitia

126 2361 193 2423 Dux
211 2360 338 2425 aborruu
352 2379 445 2443 opera
457 2359 575 2441 egmgie
586 2359 630 2422 uti
641 2358 679 2421 ad
693 2377 820 2423 suorum
835 2359 982 2439 salutem,
994 2358 1033 2422 ad
1044 2358 1202 2423 victoriam
1213 2380 1284 2443 pos-

126 2455 174 2518 sit.
186 2458 292 2538 itaque
304 2457 387 2540 quod
401 2457 538 2540 superius
552 2455 694 2536 diximus
709 2458 960 2523 commendamus
979 2458 1115 2523 animum
1128 2462 1285 2542 postulan-

126 2551 469 2635 tisidtui,postulati0ni
480 2560 652 2617 tamennon
662 2554 968 2637 assentimur.1nquo
979 2554 1285 2622 consiliumnostrum

127 2646 228 2713 divina
247 2651 415 2731 roluntate,
435 2670 472 2715 ac
485 2651 571 2715 istius
584 2651 682 2733 pagis
693 2652 822 2717 utilitate
843 2652 996 2734 metimur,
1013 2660 1210 2737 nostramque
1220 2674 1285 2720 nra-
1379 2671 1381 2675 ·

125 2741 182 2821 sis,
195 2763 289 2826 quam
310 2747 359 2828 agi
378 2766 444 2811 rem
462 2755 625 2831 putamus,
649 2767 721 2813 cum
740 2749 778 2813 ad
792 2751 853 2812 Nos
875 2748 914 2812 dc
929 2749 1097 2815 commissis
1111 2749 1163 2813 tibi
1177 2751 1285 2815 orbus

126 2842 256 2906 mantue
276 2845 436 2925 pertineat.
458 2847 557 2909 Tanto
581 2845 684 2926 itaque
704 2845 838 2909 enixiore
864 2851 895 2907 te
918 2845 1078 2909 hortamur
1102 2846 1223 2925 studio,
1245 2867 1285 2912 ne

125 2934 260 3003 officlurn
273 2946 361 3005 tuum
372 2940 431 3004 tuis
444 2939 568 3020 viribus,
579 2941 634 3005 sed
646 2941 747 3004 divina
760 2960 819 3024 ope
834 2940 1044 3007 sustinendum
1057 2944 1221 3026 arbitreris,
1234 2944 1284 3007 id-

124 3054 186 3115 que
195 3035 238 3098 ita
248 3053 364 3116 gerere,
376 3036 567 3116 quantumin
579 3043 610 3098 te
622 3042 679 3115 est,
687 3055 808 3118 pergas,
822 3043 857 3098 ut
867 3037 917 3098 cui
928 3037 1102 3119 obsequeris
1111 3041 1185 3119 Deo,
1198 3041 1283 3120 ejus-

124 3131 196 3195 dom
212 3131 308 3212 patin
322 3130 520 3213 presidioque
536 3129 651 3197 nitaris
672 3134 720 3195 Ita
735 3132 923 3197 benemereti
937 3133 975 3197 de
989 3133 1097 3214 Nobis,
1116 3154 1152 3198 ac
1168 3137 1206 3201 de
1221 3141 1283 3202 Ec-

126 3229 218 3295 clesia
231 3229 279 3293 ssi
299 3229 329 3295 iu
341 3228 516 3292 infirmitate
534 3236 589 3293 tua
601 3228 731 3312 poteris,
749 3249 786 3293 ac
804 3231 954 3312 maimem
971 3231 1003 3295 in
1016 3231 1145 3298 modum
1158 3235 1282 3317 augebis

127 3327 309 3408 §marimum
320 3345 408 3404 eam,
422 3345 483 3408 qua
496 3326 527 3391 in
540 3332 571 3390 te
581 3346 698 3407 sumus,
713 3328 1026 3410 cantatem,incu1us
1035 3327 1143 3413 pignus
1156 3338 1282 3417 aposto-

125 3424 216 3490 licus
236 3421 477 3491 benedictionem
490 3422 565 3502 tibi,
579 3423 766 3489 Venerabilis
779 3427 894 3504 Frater,
906 3432 1025 3510 tuaque
1036 3424 1106 3491 fidei
1119 3428 1282 3494 commisso

126 3523 443 3606 populoperernautsr
459 3521 662 3604 impertimur.
685 3526 802 3586 Datum
815 3524 933 3596 Rome,
947 3531 1022 3602 eta,
1036 3525 1087 3586 dr'a
1099 3522 1281 3602 assumaris

130 3631 216 3697 1777,
230 3625 424 3701 pontificatur
436 3624 533 3684 nostri
543 3639 623 3683 cauo
637 3625 739 3683 tertio.
775 3677 776 3681 ,

606 3733 789 3757 ---·ϊ

600 3829 802 3900 CLXXXIV.

578 3980 714 4025 sumno
736 3981 820 4025 rislo

453 4069 611 4133 viduum
632 4071 687 4133 bu
704 4069 938 4142 coemunt),

302 4173 452 4226 ursmaro
468 4175 676 4231 anovrncnm
692 4178 819 4228 caumas
834 4176 1094 4235 umrumnonun,

434 4267 669 4351 CLEMENS
696 4274 824 4350 PAPA
853 4271 961 4350 XIV.

793 4484 794 4489 ἵ
889 4413 1007 4473 Roriam
1020 4409 1133 4461 februarii
1144 4414 1210 4462 1772.

164 4496 296 4573 Note,
307 4497 446 4569 deffleat
456 4500 613 4580 superiora
627 4499 683 4562 tria
696 4499 862 4580 Theologia
873 4507 930 4561 tum
944 4498 1109 4581 volumina,
1121 4509 1274 4584 postrema
