3194 5354
633 486 837 541 ctrssnsssms
853 484 922 540 XlV

746 671 812 740 LX.

615 836 807 880 arsenarum
831 838 944 879 raarar

313 949 527 1028 twtflepuu
548 949 720 1010 ANTONIO
741 950 926 1013 EPISCOPO
947 951 1244 1016 PADERBOEVENSI

513 1087 748 1167 CLEMENS
776 1091 905 1168 PAPA
932 1090 1038 1169 XlV.

936 1263 1032 1320 Romu,
1051 1267 1076 1311 14
1093 1262 1206 1312 februarii
1222 1267 1291 1313 ¹770.

246 1371 452 1441 Venerabilis,
468 1379 524 1433 ete.
538 1374 603 1446 Quo
616 1372 716 1434 animo
726 1373 934 1454 exceperimus
949 1374 1133 1435 Venerabilis
1144 1374 1258 1436 Fratris
1267 1376 1360 1437 Elec-

201 1468 275 1528 toris
292 1468 478 1530 coloniensis
490 1488 548 1550 pro
560 1471 788 1533 blonasteriensi
808 1473 929 1534 cisitate
943 1472 1110 1552 postulata,
1124 1488 1160 1533 ac
1172 1477 1225 1533 tua
1241 1471 1357 1541 etiam,

201 1585 267 1646 qua
286 1566 392 1627 iisdem
407 1567 582 1647 conjungis,
598 1566 697 1629 dudio
710 1568 798 1630 facile
811 1568 982 1649 perspicere
995 1568 1041 1628 rel
1055 1586 1091 1628 ex
1106 1584 1144 1629 eo
1154 1574 1261 1649 potes,
1272 1570 1358 1649 quod

201 1681 268 1744 qua
282 1681 300 1724 a
312 1662 405 1724 Nobis
418 1664 534 1743 petitis,
549 1665 587 1726 ad
597 1664 838 1726 Ecclesiastioam
852 1664 1042 1745 disciplinam
1054 1664 1297 1728 eonstitueadam
1308 1666 1359 1727 ri-

201 1761 398 1851 cinaramque
409 1761 535 1822 istarum
549 1760 724 1823 dioeaesium
735 1760 896 1823 utilitatem
908 1759 1095 1822 conductura
1105 1778 1171 1823 esse
1183 1760 1356 1823 rideantur.

202 1862 302 1933 Quare
316 1866 348 1920 et
370 1858 564 1920 vebmnenter
586 1859 835 1922 commendamus
859 1865 974 1920 vestras
997 1856 1172 1937 hujusmodi
1190 1876 1296 1935 ouras,
1325 1866 1358 1921 et

202 1954 383 2035 paratissimi
399 1973 504 2017 sumus
518 1957 644 2017 Nostrae
659 1955 751 2017 etiam
766 1955 936 2036 apostolice
948 1953 1136 2043 auctoritatis
1146 1960 1247 2035 partes
1263 1954 1356 2016 iuter·

203 2070 328 2134 ponere.
339 2054 423 2129 Quod
438 2053 561 2134 quidem
575 2059 642 2115 tum
655 2052 857 2134 pmssciemus,
873 2068 943 2112 eum
954 2049 1158 2133 perspectiora
1172 2050 1267 2113 Nobis
1276 2068 1357 2112 non-

201 2153 285 2214 nuba
304 2151 384 2215 laeta
402 2152 531 2230 luerint,
545 2169 612 2232 qua
626 2151 664 2213 ad
676 2166 745 2212 eam
767 2167 832 2211 rem
853 2149 943 2229 plane
957 2148 1073 2229 percipi
1092 2147 1219 2210 ellubie
1233 2165 1357 2210 necesse

200 2267 267 2311 esso
282 2250 466 2329 judicamus.
481 2249 692 2313 Mandavimus
709 2249 810 2329 itaque
830 2246 999 2308 Venerabili
1011 2246 1108 2308 Fratri
1126 2246 1357 2331 archiepiscopo

202 2347 295 2407 leonii
311 2354 414 2413 nostro
427 2356 459 2410 et
470 2348 641 2428 apostolice
658 2346 743 2409 Sedis
756 2347 880 2424 nuntio,
896 2352 931 2407 ut
949 2363 986 2407 ea
1006 2344 1072 2426 ipsa
1093 2363 1163 2408 eum
1179 2346 1357 2410 Venerabili

202 2443 307 2504 Fratre
320 2444 458 2506 Electore
475 2445 643 2507 Coloniensi
662 2444 881 2519 communicet,
898 2448 1038 2504 accurate
1062 2449 1243 2522 cognoscat,
1266 2445 1357 2506 acad

202 2538 264 2598 Nos
279 2539 381 2600 statim
393 2559 449 2620 pro
460 2559 515 2602 sua
525 2541 585 2602 tide
597 2559 633 2603 ac
646 2540 799 2621 diligentia
812 2541 989 2622 perscribat.
1003 2541 1110 2603 Getera
1120 2558 1158 2603 ex
1168 2541 1357 2623 ipsodilecto

202 2634 266 2695 tilio
278 2637 425 2699 canonico
435 2636 549 2699 barone
569 2638 606 2699 de
628 2641 733 2701 Droste
748 2640 909 2720 intelliges,
926 2656 1020 2720 quam
1034 2638 1147 2700 scilicet
1161 2638 1192 2700 in
1213 2638 1357 2701 camdem

202 2732 242 2793 ad
255 2734 318 2794 Nos
339 2734 533 2796 eeoedentem
546 2743 577 2798 et
594 2753 718 2798 suorum
740 2736 918 2798 meritorum
932 2743 963 2798 et
983 2743 1040 2797 tue
1064 2735 1253 2816 aliorumque
1268 2754 1357 2797 oona-

202 2831 410 2895 meadationes
433 2852 526 2896 causa
545 2836 686 2917 propensi
707 2834 870 2911 fuerimus,
894 2841 925 2896 et
940 2853 1001 2915 qua
1024 2840 1151 2916 paterna
1168 2833 1357 2914 benignitate

202 2929 301 2992 isthuc
315 2938 516 2994 revertentem
529 2952 764 3016 prosequamur;
780 2941 923 3015 praeterea
934 2940 964 2996 et
980 2951 1073 3013 quam
1085 2933 1240 2995 luculenta
1251 2932 1358 2996 volun·

201 3036 262 3092 tate
282 3030 378 3093 simus
395 3050 467 3113 erga
484 3051 538 3094 vos
550 3040 709 3115 vestraque
727 3033 849 3107 omnia,
869 3050 936 3113 qua
952 3030 1075 3112 quidem
1097 3028 1247 3092 eustadio
1266 3049 1358 3093 oonr-

200 3129 374 3210 plectimur,
390 3148 451 3211 quo
462 3134 597 3194 maximo
612 3129 764 3192 desiderio
782 3129 820 3190 de
833 3128 927 3190 Nobis
950 3134 1048 3189 restro
1061 3126 1290 3189 satislaciomas.
1309 3130 1357 3189 Ac

201 3222 231 3286 in
247 3227 408 3304 pontificia
422 3227 556 3288 caritatis
576 3227 685 3307 pignus
702 3225 899 3306 apostolicam
912 3223 1156 3285 benedictionem
1169 3223 1240 3301 tibi,
1252 3224 1357 3285 Vene-

201 3321 304 3382 rabilis
314 3324 429 3397 Frater,
438 3332 630 3402 peramanter
642 3324 844 3405 impertimur.
857 3325 971 3385 Dotmn
984 3324 1095 3394 Rome,
1109 3330 1180 3395 etc,
1193 3325 1245 3384 die
1262 3334 1296 3383 tt
1304 3321 1358 3399 se-

202 3418 318 3478 bruorit
334 3430 426 3497 mu,
438 3423 631 3500 pontificatus
646 3427 742 3483 nostri
756 3440 837 3482 anno
848 3426 961 3500 primo.

736 3694 819 3765 LXI.

539 3870 670 3913 DILECTO
694 3871 780 3913 ΡΙῙιΙΟ
803 3870 917 3913 NOBIH
939 3814 1014 3911 Villi)

366 3978 561 4040 auoovmo
581 3937 762 4039 rmarnro
784 3977 878 4040 oum
900 3978 1189 4040 auaaaunaasr

511 4109 745 4188 CLEMENS
774 4110 902 4188 ΡΑΡΑ
933 4110 1040 4189 XlV.

934 4265 1033 4319 Romae,
1048 4267 1077 4309 28
1092 4260 1204 4308 leluaarii
1219 4261 1287 4310 1770.

240 4372 373 4449 Dilecto,
392 4384 447 4437 etc.
473 4373 726 4456 deceptissimum
747 4372 839 4435 Nobis
856 4374 910 4437 luit
932 4374 1066 4434 officium
1084 4370 1253 4433 Nobilitatis
1276 4377 1357 4447 ture,

198 4487 271 4549 quo,
286 4470 358 4531 dum
371 4474 513 4535 certiores
527 4474 588 4533 Nos
600 4471 675 4531 sacis
688 4471 725 4531 de
738 4472 908 4533 constitutis
922 4490 958 4532 ox
974 4472 1055 4551 regia
1070 4472 1224 4532 voluntate
1241 4467 1358 4548 nuptiis
