3194 5354
469 470 648 527 EPISTOLAE
666 472 712 527 ET
730 472 865 527 Brevis
885 473 1122 528 subtectione.
1321 480 1371 532 trs

221 581 358 640 locorum
373 562 477 657 spatiis
490 577 670 657 disjunctos,
682 577 742 639 tide
753 584 855 639 tamen
869 584 899 639 et
910 578 1036 640 caritate
1047 578 1212 639 Nobiscum
1222 579 1373 657 coniunc-

223 676 355 738 tissimos
368 693 433 738 esse
445 684 476 738 et
493 677 686 755 agnoscimus
700 683 733 738 et
751 676 930 755 gaudemus.
950 677 1065 738 Vestris
1079 677 1182 758 itaque
1199 676 1292 738 rebus
1303 696 1373 741 onr-

223 774 312 836 nibus
321 773 443 855 perinde
455 793 490 835 ac
504 774 616 835 nostris
629 772 790 851 afficimur,
807 792 843 835 ac
858 775 999 853 singulari
1011 793 1085 836 cura
1096 775 1327 855 complectimur
1337 795 1374 837 ea

223 871 336 946 omnia,
352 887 550 950 quecumque
568 869 609 931 ad
627 888 693 946 vos,
705 877 934 950 vestrarumque
954 871 1149 932 ecelesiarum
1161 871 1294 934 rationes
1307 890 1375 954 per-

223 963 335 1041 tinent,
349 983 447 1045 neque
461 964 629 1046 quidquam
646 965 744 1046 magis
757 966 912 1049 cupimus,
932 985 1026 1046 quam
1046 975 1081 1028 ut
1098 968 1199 1047 reipsa
1215 986 1251 1030 ac
1268 970 1376 1032 Ponti-

225 1059 293 1122 iieia
313 1079 406 1142 opera
425 1070 529 1123 nostra
541 1062 645 1123 testari
657 1062 743 1124 vobis
755 1062 909 1125 valeamus
927 1081 1111 1144 propensam
1128 1082 1200 1143 erga
1219 1083 1287 1142 vos,
1303 1084 1376 1128 ves-

226 1165 363 1237 tramque
380 1157 546 1234 nationem,
563 1177 599 1220 ac
611 1158 702 1239 plane
715 1165 884 1239 paternam,
899 1178 959 1239 qua
970 1178 1024 1220 vos
1037 1159 1259 1240 prosequimur,
1272 1161 1376 1222 volun·

225 1259 331 1315 tatem.
342 1254 440 1328 Quam
452 1261 487 1317 ut
494 1255 616 1317 uberius
626 1255 712 1316 vobis
721 1256 965 1335 comprobemus,
976 1256 1198 1336 postulatorum
1207 1261 1375 1319 vestrorum

225 1351 375 1414 rationem
395 1352 541 1415 babentes
561 1353 727 1433 apostolica
750 1355 929 1415 auctoritate
944 1353 1120 1414 facultatem
1142 1353 1268 1434 singulis
1289 1354 1376 1417 vobis

224 1448 351 1529 benigne
363 1449 557 1512 concedimus
566 1450 649 1512 bisce
659 1450 770 1512 nostris
785 1451 815 1513 in
828 1450 927 1512 forma
939 1450 1042 1511 Brevis
1052 1449 1173 1528 litteris,
1185 1450 1233 1513 bis
1242 1450 1377 1531 quolibet

226 1564 305 1610 auno
319 1548 507 1610 Pontificiam
522 1548 762 1616 benedictionem
773 1547 962 1627 impertiendi
981 1547 1094 1628 populo
1112 1553 1217 1608 vestre
1232 1547 1378 1626 cujusque

225 1643 295 1707 fldei
307 1646 485 1722 commisso,
501 1647 630 1708 alterum
641 1646 755 1709 scilicet
769 1646 875 1726 quavis
893 1644 1130 1708 Resurrectionis
1143 1644 1302 1707 dominice
1315 1644 1376 1719 die,

227 1743 355 1806 alterum
368 1745 510 1808 vernalia
525 1745 651 1807 solemni
666 1763 720 1826 per
731 1763 844 1807 annum
859 1744 1036 1820 festivitate,
1048 1761 1142 1823 quam
1159 1742 1276 1822 judicio
1295 1742 1378 1804 arbi-

228 1843 344 1924 trioque
356 1850 456 1906 vestro
468 1844 658 1922 deligendam
668 1842 872 1924 relinquimus.
885 1841 1000 1903 Habete
1014 1841 1083 1918 boc,
1097 1840 1289 1903 Venerabiles
1302 1842 1378 1901 Fra·

228 1949 299 2019 tres,
311 1944 342 2004 in
353 1943 594 2005 luculentissime
607 1948 714 2003 nostre
727 1960 799 2019 erga
817 1958 871 2001 vos
883 1938 1017 2000 caritatis
1028 1937 1204 2018 fiduciaeque
1218 1937 1376 2014 indicium,
1479 1979 1485 1990 .

226 2056 324 2118 neque
336 2039 435 2100 minus
448 2057 483 2100 ex
496 2038 696 2119 prolixissimo
712 2039 743 2099 in
755 2057 809 2100 vos
826 2037 928 2099 animo
942 2037 1092 2119 proficisci
1109 2037 1278 2098 existimate
1290 2055 1378 2117 apos-

225 2135 325 2195 tolice
349 2135 566 2197 benedictionis
583 2136 715 2197 salutare
736 2153 864 2210 munus,
884 2133 968 2214 quod
988 2134 1237 2196 Fraternitatibus
1251 2133 1377 2209 Vestris,

227 2238 391 2312 vestraque
402 2232 544 2294 custodie
568 2232 740 2294 concredito
754 2232 835 2311 gregi
849 2238 1040 2312 peramanter
1054 2231 1253 2313 impertimur.
1268 2232 1380 2292 Dotem

226 2334 338 2405 Rome,
349 2338 418 2405 ele,
432 2334 482 2396 ilic
500 2335 642 2413 caprilis
663 2344 732 2393 tttt
742 2375 750 2406 ,
761 2333 957 2409 protostrator
968 2335 1062 2391 nostri
1078 2348 1159 2391 occo
1175 2329 1316 2390 secundo.

724 2553 885 2627 cxxxtt.

639 2717 826 2759 veunnrnrur
852 2715 966 2758 rnnrnr

422 2821 618 2880 JOSEPHO
645 2819 860 2879 EPISCOPO
889 2816 1189 2879 MALACITANO

535 2940 770 3016 CLEMENS
800 2943 926 3016 ΡΑΡΑ
956 2940 1061 3013 XIV.

1006 3086 1103 3141 Rome,
1118 3087 1145 3130 18
1155 3084 1237 3144 aprilis
1252 3088 1318 3133 1771,

277 3195 469 3266 Venerabilis,
483 3200 541 3255 ete.
555 3193 720 3274 Collegium
734 3192 835 3255 Sancti
854 3190 1014 3253 Clementis
1029 3208 1047 3250 a
1059 3189 1254 3252 celeberrimo
1268 3192 1383 3253 Sanctae

230 3294 372 3355 Romane
383 3292 521 3353 Ecclesiae
537 3291 686 3353 Cardinali
698 3290 875 3353 Albornotio
890 3289 1050 3351 incivitate
1064 3296 1170 3352 nostra
1179 3292 1316 3353 Bononia
1326 3310 1384 3373 pro

229 3391 367 3452 Nationis
384 3389 522 3470 Hispane
538 3390 675 3450 Alumnis
694 3389 880 3465 institutum,
897 3388 937 3450 ob
956 3389 1091 3469 egregias
1112 3390 1248 3469 ejusdem
1267 3399 1298 3454 et
1315 3394 1385 3475 pie-

231 3487 301 3548 tatis
314 3493 345 3548 et
356 3487 512 3548 literarum
526 3486 630 3548 laudes
648 3487 814 3567 plurimum
835 3485 997 3566 diligimus.
1010 3488 1124 3549 Verum
1137 3495 1299 3570 propterea
1317 3490 1383 3553 sin-

231 3589 326 3668 gulari
346 3589 472 3651 caritate
495 3588 576 3650 idem
597 3587 764 3671 presertim
785 3587 1007 3668 prosequimur,
1028 3587 1174 3668 quoniam
1198 3589 1227 3649 in
1249 3589 1383 3653 inclitam

232 3694 362 3748 uestram
385 3687 557 3764 nationem,
584 3704 679 3767 quam
707 3685 833 3747 summis
856 3686 1017 3747 Pontificio
1043 3686 1256 3748 benevolentia
1279 3689 1385 3752 studiis

232 3784 472 3865 complectimur,
485 3802 547 3847 non
558 3782 743 3846 mediocrem
755 3783 793 3844 ab
808 3781 916 3844 eodem
927 3782 1095 3845 redundare
1106 3782 1266 3846 utilitatem
1278 3803 1385 3865 agnos-

233 3881 340 3942 cimus.
356 3883 551 3944 Summorum
562 3881 645 3944 enim
655 3881 801 3956 virorum,
817 3880 869 3960 qui
880 3879 949 3940 inde
968 3880 1156 3960 prodierunt,
1169 3880 1252 3944 fama
1261 3888 1292 3944 et
1306 3882 1386 3943 cele-

235 3977 346 4039 britate
360 3984 393 4039 ut
405 3979 552 4042 hactenus
565 3995 749 4058 magnopere
768 3976 848 4037 illius
865 3983 986 4037 auctam
1007 3995 1072 4038 esse
1085 3978 1214 4056 gloriam
1233 3977 1383 4050 videmus,

234 4074 319 4136 itaet
336 4072 477 4155 deinceps
485 4094 569 4156 uque
583 4075 801 4155 amplificatum
820 4073 855 4134 iri
867 4073 1021 4153 cupimus,
1032 4092 1067 4136 ec
1079 4075 1271 4137 vehementer
1286 4071 1386 4133 confi-

233 4168 344 4231 dimus.
366 4171 569 4245 Quamobrem
583 4177 724 4253 optamus
734 4216 742 4248 ,
760 4178 794 4232 ut
808 4171 829 4232 ii
843 4171 894 4250 qui
919 4170 949 4232 iu
969 4170 1079 4233 eodem
1097 4171 1223 4250 collegio
1242 4167 1384 4230 eximiam

235 4274 376 4328 navatam
390 4286 409 4328 a
421 4273 452 4328 te
463 4286 587 4348 operam
605 4269 747 4331 omnibus
766 4268 981 4350 probaverunt,
1005 4287 1066 4330 non
1084 4268 1190 4328 deesse
1208 4285 1263 4327 suo
1275 4265 1383 4342 labori,

235 4381 271 4422 ac
285 4362 387 4425 virtuti
408 4364 523 4426 fructus
548 4367 695 4442 sentiant,
709 4372 801 4445 utque
821 4384 928 4428 eorum
950 4365 1080 4445 premiis
1101 4370 1270 4425 ceterorum
1293 4364 1385 4426 ctiam

238 4458 340 4539 ardor,
352 4479 388 4522 ae
401 4461 547 4525 industria
562 4463 601 4525 ad
615 4463 734 4526 laudem
756 4464 907 4526 incitetur.
925 4462 1053 4524 Proinde
1073 4479 1143 4522 cum
1164 4460 1290 4524 dilectus
1307 4461 1387 4522 filius

1247 4573 1279 4621 to
