3194 5354
554 549 781 602 DOCUblliNTll
799 547 918 601 lelld.
1257 551 1307 601 897

168 657 311 731 consilio,
327 674 362 714 ex
377 660 458 715 certa
471 635 610 730 scieritis,
623 659 653 713 et
667 653 849 733 plenitudine
857 652 1014 732 potestatis
1028 652 1205 731 spostolicae
1216 670 1308 733 sepe

166 757 279 817 dictam
294 752 473 812 Societatem
489 751 708 830 extinguimus,
720 757 751 812 et
764 751 996 831 supprimimus3
1011 750 1159 828 tollimus,
1171 756 1203 812 et
1214 751 1307 812 abro-

163 869 271 931 gamus
282 848 399 924 omnia,
418 853 449 909 et
463 847 579 926 singula
589 848 655 925 ejus
668 847 787 922 officia,
801 846 965 909 ministeria
978 853 1008 907 et
1022 845 1305 923 administrationes,

160 947 288 1021 domus,
313 942 449 1018 scholas,
467 941 606 1021 collegia,
630 943 775 1023 hospitia,
796 942 968 1023 gymnasia,
987 948 1018 1002 ct
1031 943 1097 1002 loca
1109 960 1305 1024 quecumque

160 1043 264 1124 quavis
280 1042 310 1102 in
328 1040 497 1120 provincia,
520 1058 627 1119 regno,
643 1047 673 1101 et
690 1040 803 1101 ditione
825 1040 997 1115 existentia,
1018 1045 1049 1099 et
1062 1038 1153 1100 modo
1171 1039 1305 1119 quolibet

161 1140 199 1200 ad
223 1156 292 1200 eam
311 1137 503 1217 pertinentia;
526 1138 591 1227 eius
609 1144 738 1215 statuta,
760 1156 876 1216 mores,
895 1138 1143 1215 consuetudines,
1165 1137 1303 1216 decreta,

161 1235 405 1309 constitutiones,
423 1234 514 1295 etiarn
526 1235 698 1312 juramento
708 1280 716 1311 ,
727 1235 955 1297 confirmatione
965 1236 1156 1316 Apostolica,
1170 1243 1222 1296 aut
1232 1230 1304 1298 alias

160 1333 334 1410 roboratas3
349 1331 451 1393 omnia
463 1331 551 1408 item,
563 1337 594 1392 et
605 1331 720 1410 singula
731 1331 901 1411 privilegia,
913 1337 945 1392 et
956 1332 1071 1394 indulta
1080 1332 1229 1410 generalia
1236 1378 1244 1408 ‚
1258 1332 1303 1392 vel

161 1428 320 1509 specialia,
341 1446 471 1507 quorum
493 1435 610 1488 tenores
630 1427 840 1507 presentibus,
862 1446 896 1488 ac
915 1428 938 1488 si
954 1428 991 1488 de
1010 1429 1104 1490 verbo
1127 1430 1303 1491 adverbum

161 1535 263 1590 essent
277 1528 407 1604 incerta,
421 1547 457 1588 ac
473 1527 591 1588 etiamsi
604 1527 759 1607 quibusvis
772 1527 924 1604 formulis,
940 1527 1081 1588 clausulis
1098 1528 1301 1603 irritantibus,

160 1632 191 1686 et
204 1626 442 1705 quibuscumque
455 1625 579 1685 vinculis
590 1630 621 1684 et
631 1624 759 1685 decretis
774 1624 833 1684 sint
846 1631 1009 1704 concepta,
1024 1644 1080 1704 pro
1094 1609 1184 1705 plene
1196 1632 1227 1687 et
1238 1625 1302 1688 sul-

157 1725 291 1787 froieuter
302 1724 449 1805 expressis
459 1724 563 1785 haberi
573 1724 722 1784 volumus.
736 1724 865 1803 ldcoque
876 1723 1064 1785 declaramus
1073 1731 1221 1785 cassatam
1233 1743 1301 1804 per·

157 1827 248 1900 petuo
260 1839 397 1897 manere,
411 1838 446 1881 ac
457 1820 577 1900 penitus
591 1820 754 1881 extinctam
769 1839 907 1896 omnem,
922 1827 951 1882 et
964 1839 1186 1900 quamcumque
1199 1828 1302 1882 aucte

157 1917 276 1979 ritatem
287 1916 437 1996 Prepesiti
449 1916 618 1992 Generalis,
632 1916 877 1993 Prouincialium,
891 1917 1101 1985 Visitatorum,
1115 1918 1300 1997 aliorumque

157 2013 361 2092 quommlibet
371 2012 457 2072 dicte
471 2012 627 2073 societatis
643 2013 838 2093 Superiorum
849 2019 914 2074 tam
927 2013 957 2073 in
974 2012 1192 2093 spiritualibus,
1207 2029 1299 2092 quam

156 2110 186 2170 in
201 2109 429 2190 temporalibus3
443 2109 641 2190 eamdemque
654 2110 908 2188 jurisdictionem,
923 2116 953 2170 et
971 2111 1180 2172 auctoritatem
1192 2111 1222 2171 in
1238 2113 1299 2171 Lo-

154 2225 261 2268 corum
272 2205 442 2267 Ordinarios
454 2207 596 2284 totaliter,
611 2215 641 2269 et
653 2208 824 2270 omnimode
838 2208 1061 2285 transferimus,
1074 2210 1160 2286 juxta
1173 2207 1298 2271 modurn

157 2321 261 2379 casus,
276 2309 306 2364 et
319 2320 474 2383 personas,
487 2310 518 2364 et
528 2303 564 2365 iis
573 2305 629 2365 sub
638 2304 874 2382 conditionibus,
887 2323 963 2385 quas
975 2303 1051 2365 infra
1064 2304 1279 2384 explicabimus
1286 2329 1296 2383 3

155 2402 348 2481 prohibentes
364 2402 620 2482 quemadmodum
629 2421 683 2484 per
694 2409 854 2484 presentes
866 2402 1078 2483 probibemus,
1093 2420 1131 2463 ne
1144 2402 1222 2463 ullus
1235 2419 1298 2464 am·

154 2497 232 2577 plius
244 2497 274 2559 in
288 2498 400 2561 dictam
413 2499 593 2562 Societatem
604 2500 781 2581 excipiatur,
794 2507 825 2561 et
838 2500 874 2562 ad
890 2498 1046 2576 habitum,
1066 2517 1102 2560 ac
1119 2500 1298 2561 novitiatum

155 2597 347 2675 admittatur3
363 2599 415 2679 qui
429 2617 501 2660 vero
514 2598 661 2660 hacteuus
674 2598 795 2660 fuerunt
808 2597 942 2679 excepti,
958 2596 998 2659 ad
1011 2596 1227 2678 professionem
1241 2616 1298 2660 ro-

154 2699 255 2758 tomm
268 2696 467 2776 simplicium,
483 2697 529 2758 vel
543 2697 739 2775 solemnium,
758 2697 813 2758 snb
827 2715 916 2777 poeua
929 2696 1073 2758 nullitatis
1087 2695 1296 2771 admissionis,
1377 2697 1379 2702 ’

153 2801 183 2853 et
196 2791 402 2873 professionis,
418 2794 542 2873 aliisque
555 2793 678 2856 arbitrio
696 2800 815 2869 nostro,
829 2791 910 2854 nullo
921 2790 1014 2851 modo
1033 2790 1149 2851 admitti
1162 2790 1293 2870 possint,

152 2889 318 2951 etvaleant.
335 2889 474 2962 Ouinimo
486 2889 640 2965 volumus,
651 2889 851 2968 precipimus,
864 2893 895 2947 et
905 2886 1093 2962 mandamus,
1108 2887 1201 2965 utqui
1216 2903 1296 2947 nunc

152 2987 299 3065 tyrocinio
318 2994 387 3048 actu
398 2991 524 3061 vacant,
540 2985 658 3061 statim,
670 2984 767 3060 illico,
789 2982 976 3055 immediate,
997 2989 1028 3044 et
1041 3000 1112 3043 cum
1124 2983 1233 3045 affectu
1246 2983 1297 3046 di-

152 3082 326 3158 mittantur3
342 3100 377 3142 ac
390 3080 525 3142 similiter
536 3086 690 3157 vetamus,
703 3097 741 3140 ne
758 3079 809 3158 qui
827 3085 966 3139 votomm
978 3078 1160 3158 simplicium
1175 3079 1295 3160 profes-
1402 3104 1420 3129 ’-

152 3177 268 3239 sionem
282 3178 445 3239 emiserunt
453 3223 462 3254 ,
476 3177 618 3257 nulloque
637 3195 724 3239 sacro
742 3176 850 3237 Ordine
861 3183 931 3238 sunt
944 3196 1037 3257 usque
1058 3177 1156 3240 adbuc
1169 3179 1293 3259 initiati,

152 3277 268 3357 possint
283 3277 321 3337 ad
336 3277 465 3355 majores
476 3277 557 3357 ipsos
568 3275 692 3337 Ordines
709 3274 878 3355 promoveri
895 3281 1054 3354 pretextu,
1070 3281 1123 3336 aut
1144 3276 1230 3339 titulo
1249 3279 1294 3341 vel

149 3374 215 3451 jam
228 3372 341 3433 emisse
351 3373 380 3433 in
394 3373 541 3435 Societate
555 3371 746 3454 professionis
757 3371 804 3432 vel
815 3370 1039 3451 privilegiorum
1055 3377 1160 3434 contra
1173 3374 1294 3436 Concilii

151 3470 317 3532 Tridentini
330 3471 450 3532 decreta
461 3471 559 3532 eidem
571 3469 711 3531 Societati
725 3469 915 3531 collatorum.

192 3580 241 3631 ao.
260 3560 407 3642 Quoniam
421 3586 493 3628 vero
515 3586 552 3629 eo
573 3573 676 3627 nostra
696 3564 824 3626 tendunt
849 3564 964 3642 studia,
982 3570 1017 3625 ut
1037 3564 1295 3645 quemadmodum

153 3666 290 3730 Ecclesia
300 3667 492 3743 utilitatibus,
508 3686 544 3728 ac
555 3667 737 3747 populorum
752 3663 959 3745 tranquillitati
971 3665 1128 3726 consulere
1139 3664 1293 3746 cupimus3

151 3765 194 3825 ita
205 3765 327 3844 singulis
341 3765 476 3843 ejusdem
491 3763 651 3843 Religionis
667 3762 841 3838 individuis,
856 3780 909 3824 seu
925 3761 1033 3837 Sociis,
1046 3778 1176 3841 qnorum
1190 3761 1296 3842 singu-

153 3860 231 3922 lares
250 3880 395 3942 personas
416 3867 542 3942 paterne
564 3860 594 3921 in
615 3860 743 3922 Domino
765 3859 931 3938 diligimus,
954 3861 1088 3921 solamen
1109 3857 1246 3939 aliquod,
1264 3865 1296 3920 et

155 3957 299 4018 currilium
311 3957 418 4020 afferre
438 3959 629 4036 studeamus,
645 3965 678 4019 ut
691 3958 730 4020 ab
741 3959 897 4035 omnibus,
912 3957 1022 4038 quibus
1035 3957 1181 4020 hactenus
1197 3958 1294 4019 vexati

152 4053 274 4115 fuerunt
287 4055 544 4133 contentionibus,
556 4055 699 4127 dissidiis,
714 4062 745 4116 et
763 4055 924 4136 angoribus
937 4054 1038 4130 liberi,
1056 4054 1235 4116 fructuosius
1246 4054 1295 4116 vi-
1334 4111 1338 4128 ,

152 4167 242 4212 neam
256 4147 373 4213 Domini
386 4153 502 4232 possint
511 4155 662 4231 excolere,
675 4160 705 4214 et
716 4154 886 4215 animarum
898 4154 987 4215 saluti
1002 4152 1121 4214 uberius
1135 4151 1292 4232 prodesse3

153 4249 221 4310 ideo
232 4250 438 4328 decernimus,
450 4258 482 4312 et
491 4253 715 4328 constituimus,
729 4258 762 4312 ut
774 4251 852 4312 Socii
863 4249 987 4331 professi
998 4255 1137 4310 votorum
1147 4247 1294 4323 duntaxat

152 4346 350 4426 simplicium,
366 4354 397 4408 et
413 4348 506 4410 sacris
520 4350 679 4412 Ordinibus
692 4349 825 4410 nondum
839 4348 963 4425 initiati,
977 4349 1056 4408 intra
1073 4348 1205 4427 spatium
1220 4357 1294 4411 tem·

152 4443 234 4521 poris
249 4462 265 4504 a
280 4447 428 4507 Locorum
449 4446 611 4509 Ordinariis
626 4447 845 4521 deliniendum,
861 4447 934 4508 satis
945 4464 1113 4525 congruum
1130 4446 1168 4508 ad
1183 4466 1293 4511 munus

142 4542 275 4622 aliquod
288 4544 334 4605 rel
353 4544 503 4624 officium,
518 4547 564 4607 vel
581 4545 759 4608 benevolum
779 4549 965 4625 receptorem
986 4543 1217 4623 inveniendum,
1232 4563 1293 4608 nnn
