3194 5354
230 469 262 518 at
659 461 861 516 CLEblENTlS
881 463 945 514 xlv

229 585 356 647 ponere,
372 583 443 626 cum
462 565 513 627 illo
527 584 587 626 uno
607 565 720 641 rivere,
739 565 816 626 illius
835 564 959 626 caritate
974 562 1169 642 inflammari,
1185 563 1215 626 in
1229 565 1310 628 illius
1327 587 1379 651 spe

227 663 457 744 conquiesceret
469 664 531 741 Ago
546 661 645 741 igitur,
658 661 851 722 dilectissima
864 661 895 721 in
917 659 1034 721 Christo
1052 659 1112 721 fula
1131 668 1250 740 nostra,
1270 664 1378 727 divinae

226 779 296 838 erga
313 766 342 820 te
363 757 465 837 gratiae
487 757 645 818 thesauros
665 774 792 836 agnosce
803 801 812 834 ,
831 774 904 836 urge
926 754 1010 836 quod
1032 755 1185 837 suscepisti
1209 758 1378 821 sanctitatis

225 855 431 936 propositum,
445 853 563 915 assidue
575 853 677 915 auimo
689 853 809 915 revolve
820 870 911 933 quem
922 869 1024 914 amare
1031 896 1040 929 ,
1049 851 1099 914 cui
1109 852 1220 915 servire
1232 855 1377 918 omnibus

169 944 176 965 ⁸
224 951 412 1013 diebusvitae
430 956 488 1011 tuae
501 948 641 1029 elegeris,
658 949 806 1011 infinitam
824 966 889 1010 esse
902 947 1091 1025 mercedem,
1106 967 1199 1029 quam
1213 958 1374 1032 expectas,

226 1046 487 1110 immarcescibiles
496 1045 622 1123 fructus,
635 1064 712 1126 quos
722 1063 778 1107 nec
786 1062 898 1124 aerugo,
910 1062 967 1106 nec
975 1044 1058 1106 tinea
1068 1045 1247 1128 corrumpit.
1262 1048 1375 1141 Ompes

225 1144 352 1224 religiosi
365 1143 490 1204 instituti
503 1143 621 1204 labores
632 1142 867 1221 jucundissimos
880 1140 991 1203 efficiet
1001 1141 1064 1204 bac
1073 1161 1134 1204 una
1148 1144 1309 1223 cogitatio,
1324 1152 1374 1208 at-

224 1260 284 1321 que
297 1241 328 1302 in
341 1240 412 1320 ipsis
424 1240 514 1317 hujus
529 1239 595 1301 vitae
609 1239 752 1319 angustiis
763 1257 824 1300 non
839 1238 1021 1301 mediocrem
1039 1240 1167 1302 celestis
1181 1241 1259 1304 illius
1268 1244 1373 1325 patrae

225 1338 404 1399 saravitatem
421 1335 644 1416 percipiendam
662 1355 698 1398 ac
718 1336 957 1417 praegustandam
978 1336 1094 1400 afferet.
1118 1338 1295 1403 Beatissimo
1309 1342 1372 1405 bec

225 1435 362 1517 optimc,
374 1453 466 1516 quam
477 1434 608 1514 elegisti,
620 1435 714 1514 partis
729 1434 862 1496 conditio
875 1452 945 1497 cum
957 1435 1049 1496 Nobis
1062 1435 1237 1499 obversetur
1251 1438 1369 1511 animo,
1436 1496 1442 1508 ,

225 1551 286 1595 non
299 1550 459 1614 possumus
477 1550 539 1594 non
549 1532 658 1593 iterum
672 1550 708 1593 ac
719 1532 826 1613 saepius
837 1538 939 1594 tecum
952 1532 1084 1612 gaudere
1090 1557 1099 1609 3
1112 1539 1226 1614 tuoque
1238 1535 1297 1597 isto
1308 1543 1370 1599 tam

224 1634 381 1697 excellenti
389 1633 471 1694 bono
483 1630 606 1692 mirifice
620 1630 724 1707 letari,
734 1648 801 1711 qua
811 1629 934 1711 quidem
943 1629 1043 1710 gaudii
1054 1630 1153 1691 Nostri
1163 1631 1240 1694 ratio
1251 1649 1290 1695 eo
1300 1633 1371 1695 ube·

223 1732 285 1795 rior
293 1737 340 1793 est
350 1737 381 1793 et
391 1729 582 1806 cumulatior,
595 1729 675 1810 quod
691 1728 840 1790 actionem
851 1728 930 1789 hane
940 1734 1024 1789 tuam
1033 1728 1163 1809 plurimo
1175 1729 1279 1792 salutis
1289 1748 1371 1792 emo

223 1830 359 1891 lumento
370 1826 478 1889 ceteris
487 1827 579 1889 etiam
592 1825 726 1887 futuram
738 1843 799 1886 non
811 1824 995 1886 dubitamus.
1007 1825 1082 1886 Cum
1094 1826 1174 1887 enim
1188 1833 1249 1889 tam
1263 1827 1370 1908 singu-

223 1924 486 2005 larereligionisac
496 1922 790 2003 virtutisexemplmn
799 1937 941 2000 magnam
951 1920 1131 1984 iuomuibus
1142 1921 1369 1985 admirationem

222 2021 436 2098 commoverit,
447 2018 627 2081 confidimus
636 2018 666 2079 in
680 2016 808 2079 Domino
819 2016 899 2095 fore,
914 2023 948 2078 ut
959 2017 1123 2097 plurimum
1132 2019 1223 2080 etiam
1233 2020 1370 2082 conferre

222 2118 316 2197 possit
327 2118 366 2180 ad
378 2116 576 2179 imitationem
587 2113 796 2191 excitandam,
814 2120 903 2194 atque
922 2112 960 2174 ad
976 2114 1147 2177 clamitatis
1158 2133 1264 2177 curam
1272 2162 1282 2203 ,
1297 2117 1370 2178 reli-

221 2217 316 2296 gionis
330 2217 474 2294 studium,
488 2215 599 2296 lleique
609 2213 725 2276 cultum
736 2213 767 2275 iu
779 2220 948 2275 oeteromm
961 2213 1067 2275 animis
1081 2213 1296 2277 inducendum.
1311 2217 1369 2279 Sed

221 2317 363 2396 quoniam
377 2316 408 2378 in
428 2314 548 2395 egregio
567 2320 620 2376 tuo
636 2311 818 2393 perficiendo
837 2310 963 2373 consilio
980 2316 1044 2372 tarn
1057 2311 1228 2392 praecipua,
1246 2318 1369 2395 tamque

222 2411 412 2474 admirabiles
424 2417 526 2493 partes
536 2408 659 2471 fuerunt
671 2407 868 2470 amantissimi
880 2406 1012 2487 parentis
1021 2406 1081 2484 tui,
1094 2413 1128 2469 ut
1138 2425 1243 2469 omues
1252 2408 1370 2472 domes·

222 2508 287 2568 tica
301 2506 541 2584 consuetudinis,
556 2523 591 2566 ao
605 2504 723 2585 paterni
736 2522 807 2584 erga
821 2510 850 2565 te
864 2503 975 2565 amoris
988 2502 1119 2565 rationes
1132 2503 1282 2584 religioni,
1293 2512 1369 2568 tuar-

222 2623 282 2685 que
307 2605 427 2666 utilitati
446 2603 656 2684 posthaberet,
680 2607 737 2663 tua
756 2601 886 2663 vicissim
906 2601 1041 2683 pietatis,
1063 2603 1166 2685 tuique
1188 2603 1279 2667 oflicii
1304 2611 1370 2669 esse

221 2701 328 2778 dohet,
345 2707 379 2763 ut
388 2700 418 2761 in
430 2698 585 2761 referenda
598 2716 655 2779 pro
664 2703 748 2760 tanto
758 2698 904 2761 beneficio
922 2701 1018 2781 gratia
1032 2701 1146 2763 nullam
1160 2720 1282 2782 curam,
1298 2706 1369 2768 nul-

221 2798 284 2860 lam
304 2796 488 2878 diligentiam
502 2794 693 2857 intermittas.
707 2794 760 2856 Cui
773 2794 895 2875 quidem
913 2797 1029 2858 muneri
1044 2798 1185 2878 preclare
1204 2804 1268 2861 tam
1279 2801 1369 2865 sada

220 2895 369 2956 facturam
382 2899 411 2955 te
423 2910 488 2954 esse
496 2890 675 2968 existimato,
687 2908 783 2952 cuma
795 2890 922 2953 scelestis
935 2892 977 2954 tui
987 2892 1089 2974 sponsi
1101 2893 1202 2956 divina
1210 2894 1387 2957 clementia.

220 3009 323 3055 veram
332 2990 374 3053 illi
387 2988 561 3053 felicitatem
574 2986 692 3050 assidue
709 2994 798 3069 atque
811 2987 897 3050 enixe
906 2987 997 3049 fueris
1008 2988 1179 3071 deprecata.
1192 2990 1269 3053 Illud
1286 3009 1369 3072 pras-

219 3096 301 3151 terea
318 3088 404 3151 valde
426 3089 488 3150 Nos
501 3092 636 3163 recreat,
647 3074 734 3167 'rpuod
751 3103 808 3167 pro
826 3087 1070 3168 perspectissime
1090 3094 1144 3150 tuo
1162 3088 1192 3149 in
1204 3089 1370 3152 Ecclesiam

219 3187 335 3263 studio,
347 3186 378 3246 in
388 3186 466 3246 banc
480 3186 511 3246 S.
527 3183 635 3246 Sedem
647 3183 820 3262 devotione,
832 3202 868 3246 ao
880 3185 911 3246 in
924 3187 985 3248 Nos
997 3187 1126 3268 pietate,
1139 3187 1177 3250 dc
1188 3206 1248 3269 qua
1258 3189 1368 3269 praeci-

220 3301 280 3363 pue
300 3281 441 3343 certiores
453 3279 525 3342 facti
544 3299 648 3342 sumus
668 3299 686 3341 a
704 3281 866 3342 venerabili
886 3281 978 3344 fratre
992 3284 1176 3346 Bernardino
1195 3279 1368 3367 Archiepis-

219 3397 298 3460 copo
307 3380 493 3438 Damasceno
504 3377 735 3438 NostroNuncio
748 3396 902 3459 nunquam
909 3379 1049 3443 defutura
1058 3382 1169 3463 pariter
1179 3382 1237 3444 sint
1246 3388 1368 3445 tuarum

219 3474 427 3558 precationum
441 3472 591 3549 subsidia,
606 3472 714 3554 quibus
727 3481 757 3535 et
766 3475 904 3537 Ecclesia
913 3477 1045 3555 utilitati,
1060 3485 1090 3539 et
1102 3478 1273 3559 apostolica
1283 3478 1369 3540 Sedis

219 3573 370 3651 firmitati,
379 3578 412 3634 et
426 3570 621 3633 imbecillitati
633 3572 795 3651 prasertim
807 3574 922 3636 Nostrae
938 3576 1123 3637 consulatur.
1138 3577 1236 3650 Quare
1247 3575 1322 3638 dum
1331 3594 1368 3638 ea

218 3673 410 3735 vehementer
428 3675 487 3731 ate
501 3666 601 3729 officia
612 3669 816 3749 postulamus,
834 3671 961 3734 invicem
979 3672 1032 3733 tibi
1043 3692 1149 3736 omnes
1163 3674 1281 3755 paterni
1294 3673 1368 3735 iu'te

219 3768 327 3844 studii,
339 3783 375 3828 ac
386 3765 544 3847 pontificia
558 3765 690 3828 caritatis
704 3766 820 3831 fructus
833 3769 876 3831 ita
893 3769 1071 3849 deferimus,
1085 3779 1118 3834 ut
1132 3768 1205 3834 nibil
1219 3789 1369 3853 essepcs-
1425 3768 1433 3783 ⁹

219 3865 273 3942 sit,
285 3863 316 3924 in
334 3882 395 3944 quo
412 3881 473 3925 non
489 3863 613 3944 obsequi
627 3863 776 3928 desiderio
794 3873 865 3945 tuo,
880 3874 996 3948 tuaque
1009 3868 1048 3930 ad
1062 3870 1202 3930 virtutem
1218 3869 1368 3931 alacritati

219 3976 410 4040 summopere
424 3959 591 4039 cupiamus.
608 3962 725 4024 Interea
742 3963 798 4025 etsi
818 3963 941 4025 minime
962 3965 1088 4027 dubium
1108 3964 1200 4026 Nobis
1213 3965 1271 4042 sit,
1292 3966 1368 4046 quin

219 4056 421 4120 sanctissimas
433 4055 517 4117 istius
530 4056 656 4120 instituti
666 4059 746 4139 leges
755 4066 911 4141 tamquam
923 4064 1014 4123 suavo
1030 4062 1137 4140 jugum
1145 4106 1153 4139 ,
1168 4078 1202 4122 ac
1213 4078 1290 4121 onus
1300 4061 1369 4123 lere

219 4176 275 4236 pro
288 4157 330 4219 tui
341 4155 435 4219 animi.
444 4155 597 4217 voluntate
609 4157 745 4218 subitura
756 4157 811 4233 sis,
823 4164 924 4220 tamon
936 4177 1007 4220 eum
1019 4158 1082 4219 fieri
1095 4156 1243 4220 interdum
1253 4157 1367 4237 soleat,

221 4257 254 4310 ut
274 4251 379 4314 exinde
395 4252 425 4313 in
445 4251 566 4332 spiritus
582 4252 748 4333 angustias,
771 4271 807 4312 ac
821 4252 930 4316 nimios
945 4255 1037 4316 animi
1056 4255 1179 4316 timores
1200 4250 1367 4332 incidatur,

219 4344 399 4407 confessario
420 4355 472 4409 tuo
492 4355 554 4408 tam
573 4347 709 4427 prasenti
733 4365 825 4426 quam
839 4348 939 4411 futuro
959 4371 1015 4431 pro
1036 4356 1173 4430 tempore
1191 4348 1367 4412 facultatem

218 4446 327 4506 Nostra
345 4453 450 4525 sponte
463 4448 589 4523 damus,
604 4454 637 4507 ut.
651 4465 688 4507 oa
707 4447 876 4525 regularum
896 4449 1079 4511 relaxatione
1095 4469 1130 4510 ac
1143 4446 1367 4530 dispensatione
