3194 5354
411 510 593 568 errsmnn
610 511 656 566 nr
674 510 810 568 ansul
827 511 1062 569 sscacnonr.
1247 482 1310 569 varr

162 625 217 681 tua
230 616 323 680 virtus
344 621 374 678 et
388 616 545 699 multiplex
565 633 601 679 ac
614 615 697 678 varia
715 615 901 697 antiquitatis
918 616 1073 694 doctrina,
1098 623 1130 678 et
1140 617 1206 697 §arn
1221 625 1311 682 antea

162 715 368 792 incidentium,
389 731 426 775 ac
444 719 590 796 prestans
602 713 776 792 hujusmodi
795 719 933 776 nostrum
955 713 994 775 de
1007 719 1038 775 te
1055 713 1205 793 judicium
1218 715 1311 779 literis

163 810 275 874 nostris
287 816 431 874 testatrun
440 810 494 873 tibi
506 810 643 873 fecimus.
655 812 769 873 Verum
782 810 859 872 liber
876 816 946 873 tuus
958 856 966 888 ,
980 829 1073 892 quem
1088 810 1127 874 ad
1138 813 1200 875 Nos
1216 831 1312 896 nuper

162 908 272 972 misisti
296 926 334 972 eo
358 908 452 971 Nobis
470 909 584 989 gratior
616 908 786 989 irritatque
813 908 977 992 acceptior,
1003 908 1085 991 quod
1109 909 1312 972 eruditionem

162 1011 249 1068 tuam
263 1022 334 1068 cum
344 1004 465 1086 pietatis
473 1004 582 1067 studiis
594 1006 778 1086 conjungere
790 1005 964 1084 tejvidimus
974 1010 1006 1068 et
1019 1023 1131 1069 noram
1139 1005 1243 1088 patria
1254 1012 1312 1069 tua

162 1101 290 1184 gloriam
304 1119 342 1164 ex
362 1101 474 1165 virtute
493 1121 530 1165 ac
541 1101 656 1164 meritis
677 1120 802 1166 suorum
815 1102 927 1165 civium
947 1121 1092 1185 querere.
1108 1103 1213 1165 Eidem
1224 1103 1307 1166 enim

162 1200 365 1264 vindicatione
373 1200 518 1266 restitutis
527 1199 616 1265 beata
624 1202 786 1266 llichalina
796 1211 827 1265 et
836 1203 927 1267 beato
938 1204 1033 1266 (leoco
1043 1201 1200 1283 egregium
1211 1201 1311 1282 splen-

162 1299 268 1361 dorem
281 1297 452 1377 asseruisti,
468 1305 500 1361 et
516 1309 610 1381 mam
623 1307 713 1362 antea
726 1299 910 1363 illustrandis
928 1306 976 1362 tot
997 1298 1183 1380 antiquitatis
1199 1315 1313 1360 monu-

163 1396 273 1459 mentis
287 1414 464 1475 ornmerm,
477 1397 670 1460 illustriorem
685 1397 744 1461 hac
755 1399 923 1461 sanctitatis
936 1398 1005 1460 luca
1019 1395 1184 1459 reddidisti.
1204 1396 1314 1458 Delec-

163 1492 218 1555 tati
229 1492 331 1574 itaque
342 1511 525 1575 magnopere
537 1495 711 1558 sumuslroc
723 1494 877 1558 industrie
888 1503 947 1558 tua
956 1496 1076 1572 fructu,
1090 1493 1141 1575 qui
1156 1511 1228 1556 cum
1238 1493 1311 1571 tibi,

163 1596 282 1671 tueque
295 1591 402 1671 patria
414 1594 537 1666 {norum
549 1591 643 1655 decus
660 1591 785 1670 afferat,
802 1610 914 1674 magno
924 1593 1017 1655 etiam
1037 1591 1233 1654 incitamento
1244 1607 1310 1653 esse

164 1694 263 1769 potest
275 1688 386 1751 ceteris
396 1689 436 1752 ad
446 1689 576 1752 similem
589 1689 647 1752 sibi
664 1690 787 1753 laudem
802 1709 840 1754 ex
854 1708 1014 1754 sacrarum
1031 1691 1124 1753 etiam
1141 1707 1244 1752 rarum
1256 1706 1314 1752 an-

163 1785 303 1868 tiquitate
315 1805 352 1848 ac
362 1785 501 1849 doctrina
520 1786 769 1869 comparandam.
788 1789 899 1850 Munus
912 1788 971 1850 hoc
991 1793 1079 1850 tuum
1096 1786 1136 1850 ed
1153 1788 1215 1848 Nos
1228 1785 1314 1848 deic-
1390 1846 1392 1848 ,

164 1889 281 1946 rentem
292 1883 487 1966 perbenigne
499 1883 673 1965 excepimus
684 1883 828 1947 dilectum
838 1884 936 1947 filium
949 1885 1097 1949 Comitem
1104 1884 1232 1947 Paulum
1243 1884 1313 1945 lia-

163 1980 322 2043 chirellum
335 1981 448 2043 sororis
459 1987 518 2042 tuae
531 1980 627 2042 illium
643 1987 675 2042 et
694 1980 967 2045 commendationis
991 1990 1070 2060 tua,
1092 1987 1123 2044 et
1141 2000 1197 2043 sua
1220 1979 1315 2061 ipsius

163 2095 269 2157 causa,
285 2077 399 2159 quippe
408 2078 457 2140 cui
472 2077 589 2159 pridem
600 2078 692 2140 etiarn
702 2078 914 2160 propensionis
924 2079 955 2141 in
964 2098 1035 2142 curn
1048 2085 1157 2142 nostre
1168 2076 1315 2156 signitica-

164 2172 279 2236 tioncm
293 2173 426 2255 αὶίᾳιιαηι
446 2173 595 2235 dedimus.
612 2173 671 2236 Sed
691 2192 762 2236 cum
783 2175 863 2237 idem
876 2182 908 2238 et
926 2175 1105 2256 cognatione
1126 2173 1268 2256 proprius
1284 2179 1315 2235 te

165 2268 292 2351 attingat
297 2313 308 2349 ‚
319 2275 379 2331 eta
392 2275 424 2331 te
437 2267 490 2330 lilii
501 2276 536 2331 ut
546 2269 669 2348 scribis,
683 2271 751 2332 loco
760 2270 920 2349 habeatur,
932 2290 970 2335 eo
980 2271 1171 2354 potissimrun
1191 2270 1315 2333 nomine

164 2366 257 2429 Nobis
276 2365 334 2429 erit
346 2365 671 2430 commendatissimas.
687 2368 850 2450 speramus
864 2370 946 2432 enim
955 2369 1078 2450 ingenio
1091 2369 1167 2432 item
1180 2413 1189 2447 ,
1204 2387 1240 2431 ac
1250 2385 1316 2431 mo

164 2482 234 2527 rum
245 2463 420 2547 prestantia
433 2469 491 2525 ate
501 2481 564 2526 non
582 2463 732 2543 alienmm
745 2472 836 2546 atque
847 2464 878 2527 in
888 2470 919 2528 te
929 2465 1096 2547 laudesque
1108 2472 1177 2528 tuas
1192 2464 1316 2528 intuen-

164 2567 227 2624 tem
238 2561 426 2625 aimillimum
442 2560 496 2622 tibi
517 2559 666 2624 futurum.
681 2563 748 2636 Qua
761 2561 884 2643 quidem
905 2568 936 2624 te
951 2563 1065 2625 nullam
1081 2563 1314 2644 praeclariorem,

165 2677 221 2723 nec
231 2660 271 2724 ed
284 2659 471 2742 pontificiam
485 2659 630 2722 tuendam
645 2659 873 2741 augendamque
889 2659 1132 2724 benevolentiam
1142 2659 1316 2742 expeditio-
1372 2669 1374 2674 ’

164 2775 230 2819 rem
242 2757 317 2819 inire
331 2757 481 2819 rationem
492 2757 614 2838 poterit.
625 2758 672 2818 Tu
683 2756 805 2819 interim
815 2756 854 2819 de
862 2757 967 2835 literis,
981 2757 1020 2820 de
1031 2758 1131 2839 patria
1143 2764 1208 2836 tua,
1224 2763 1315 2839 atque

166 2853 242 2915 adeo
253 2853 292 2915 dc
305 2853 398 2917 Nobis
410 2854 483 2936 ipsis
493 2854 678 2916 benemereri
692 2872 792 2935 perge.
804 2856 849 2916 Ac
860 2854 1081 2918 in-luculentius
1094 2861 1230 2936 patema
1238 2855 1314 2916 cari-

166 2951 237 3011 tatis
250 2949 358 3030 pignus
373 2950 571 3030 apostolicam
579 2951 822 3014 benedictionem
836 2952 904 3029 tibi,
924 2952 1032 3015 dilecte
1053 2952 1108 3029 flii,
1123 2955 1316 3032 peramanter

166 3046 367 3127 impertimur.
384 3048 498 3109 Dctcm
507 3049 617 3127 Romae,
627 3054 699 3118 etc,
712 3048 763 3110 dic
778 3060 796 3110 4
809 3052 918 3128 aprilis
935 3060 1012 3111 tm
1024 3093 1032 3127 ,
1045 3052 1317 3128 pontificata-attot-

167 3147 208 3205 tri
226 3161 306 3205 cano
320 3146 420 3205 tertio.

646 3230 829 3244 ..-

671 3339 809 3411 CXCIV.

386 3486 618 3533 urrecrrssrun
640 3491 676 3532 rs
699 3490 832 3534 cumaeo
855 3491 949 3533 rrnrm
971 3490 1097 3535 nassae

238 3584 416 3648 ALOYSIAE
436 3586 574 3647 MARIAE
593 3586 725 3647 REGIAE
745 3584 976 3650 emmaum
997 3586 1248 3649 PRINCIPISSAE

479 3699 715 3779 CLEMENS
742 3703 871 3783 PAPA
897 3703 1005 3780 XIV.

928 3849 1033 3923 ‘lictum
1047 3851 1075 3897 ts
1090 3846 1171 3909 aprilis
1184 3850 1254 3898 1772.

211 3943 429 4015 Dilectissimo,
442 3952 499 4006 etc.
520 3944 682 4010 extiteris
695 3944 755 4008 tuis
769 3944 808 4007 ad
818 3944 880 4007 Nos
888 3943 938 4006 die
947 3960 1013 4005 ΠΗ
1023 3941 1122 4004 martii
1135 3941 1213 4003 datis
1223 3958 1318 4003 novas

169 4039 358 4120 percepimus
376 4041 575 4119 iucunditatis
592 4060 717 4120 causas,
730 4061 801 4105 cum
812 4027 875 4123 qua
889 4041 929 4104 de
945 4048 1070 4123 paterna
1084 4044 1186 4101 nostra
1199 4056 1319 4100 summa

170 4135 200 4196 in
215 4142 245 4197 te
258 4136 384 4197 caritate
397 4135 508 4200 fiducia
519 4155 615 4215 esses,
636 4139 792 4220 perspicue
811 4139 990 4202 videremus.
1008 4138 1219 4201 Gratissimum
1236 4135 1318 4199 eninr

170 4232 263 4292 Nobis
273 4239 318 4294 est
326 4277 334 4310 ‚
352 4233 434 4313 quod
442 4235 508 4314 jam
522 4235 639 4317 pridem
652 4236 708 4299 tibi
722 4237 956 4315 declaravimus,
971 4234 1210 4318 opportunitates
1223 4253 1318 4315 quas-

170 4345 230 4405 que
244 4327 338 4389 Nobis
353 4346 371 4389 a
389 4335 420 4390 te
434 4329 499 4392 dari
507 4375 516 4408 ,
537 4331 647 4411 quibus
668 4332 866 4412 singularem,
883 4350 919 4394 ac
932 4330 1082 4411 egregiam
1096 4329 1241 4410 pontiticii
1255 4330 1316 4392 tibi

172 4422 264 4484 animi
276 4423 419 4503 pietatem
429 4427 562 4508 magisin
571 4428 635 4491 dies
643 4429 869 4492 confirmemus.
883 4431 958 4490 (lum
970 4446 1040 4490 vero
1050 4445 1129 4489 nunc
1139 4427 1168 4490 in
1178 4428 1317 4510 eoquod

172 4521 319 4607 postulas,
328 4522 474 4588 cacinnum
489 4525 641 4607 religionis
651 4516 786 4589 studium
793 4545 853 4609 pra
863 4524 979 4588 tcieras
987 4571 995 4605 ,
1008 4543 1078 4589 cum
1089 4532 1140 4589 tua
1152 4526 1251 4590 omnis
1262 4545 1317 4608 pro
