3194 5354
482 491 662 555 EPlSTOLAE
680 500 724 554 ET
744 500 876 554 BREVlA
895 499 1126 555 sejunctione.
1328 507 1376 557 117

232 628 270 672 eo
282 608 333 669 det
343 624 466 688 operam
479 623 517 667 ne
533 612 636 667 sancta
648 605 697 666 illa
709 607 896 681 urceorum,
908 606 960 685 qui
970 603 1000 665 in
1010 624 1065 666 sua
1076 603 1196 666 dioeuesi
1210 614 1291 682 sunt,
1306 627 1376 669 curn

236 704 349 769 Latinis
361 704 432 766 uuio
445 703 483 765 ad
495 722 606 765 vanum
626 721 752 779 nomen,
766 721 802 764 ac
814 704 934 765 inanem
950 703 996 765 rei
1011 703 1141 784 speciem
1153 704 1273 767 redacta
1287 712 1377 768 ater-

236 812 308 865 nam
322 791 430 864 animis
441 800 606 882 perniciem
620 801 816 883 imposterum
835 801 992 882 importet,
1013 822 1079 883 qua.
1100 803 1191 865 etiam
1212 805 1277 867 illos
1289 807 1376 869 facile

236 898 488 979 comprehendat,
513 898 564 978 qui
590 916 676 959 suam
693 897 878 978 perficienda
896 900 939 960 rei
967 917 1092 961 manum
1117 901 1216 963 minus
1241 905 1376 966 consulte

234 996 436 1059 admoverint.
459 996 560 1057 Mirari
575 995 709 1076 prolecto
729 1014 790 1057 non
804 997 893 1058 debet
913 999 1053 1077 Maiestas
1071 997 1152 1075 Tua,
1174 1000 1198 1060 si
1213 1001 1260 1061 bis
1279 1003 1376 1063 allatis

234 1094 351 1161 nunciis
361 1111 425 1154 uon
442 1093 539 1154 solnm
552 1095 612 1154 Nos
628 1092 779 1154 continere
798 1094 836 1154 ab
851 1094 931 1155 omni
942 1099 943 1102 ’
953 1094 1166 1156 deliberatione
1180 1097 1374 1166 voluerimus,

234 1192 391 1254 sedetiam
405 1193 550 1274 plurimas
568 1192 717 1272 egerimus
728 1194 856 1255 Domino
874 1194 986 1273 gratias
996 1241 1004 1270 ,
1016 1212 1145 1275 eumque
1164 1196 1295 1257 maxime
1311 1203 1375 1258 turn

232 1291 349 1370 precati
360 1310 483 1367 sumus,
503 1297 536 1351 ut
548 1290 699 1372 compleat
710 1291 774 1371 ipse
787 1291 869 1372 quod
881 1291 988 1371 ooepit,
1004 1310 1039 1353 ac
1055 1292 1202 1370 ejusmodi
1214 1293 1308 1355 indita
1319 1295 1373 1355 tibi

138 1445 140 1449 ,
231 1387 480 1467 plenasapieutiae
493 1387 686 1466 acreligionis
696 1387 820 1448 oonsilla
832 1387 1067 1449 cumulatissima
1077 1389 1227 1450 bonorum
1239 1390 1374 1453 omnium

231 1483 471 1544 remuneratione
490 1501 720 1564 prosequamur.
735 1484 913 1562 Huiusmodi
933 1490 1051 1545 nostros
1067 1502 1085 1544 e
1098 1485 1240 1564 singulari
1250 1494 1374 1566 paterna

231 1581 357 1643 caritate
371 1581 568 1663 depromptos
584 1601 619 1642 ac
638 1600 710 1661 erga
729 1588 758 1642 te
776 1580 962 1660 gratissimos
980 1599 1085 1643 seusus
1101 1582 1285 1645 Venerabilis
1298 1586 1375 1646 Fra-

233 1686 279 1739 ter
294 1679 441 1740 Antonius
461 1679 610 1758 Eugenius
625 1678 867 1759 archiepiscopus
884 1678 1050 1758 Ephesinus
1072 1679 1253 1759 apostolicus
1273 1688 1374 1742 noster

233 1773 312 1854 apud
330 1783 359 1837 te
374 1776 544 1837 ordinarius
555 1777 688 1838 Nuncius
710 1777 763 1838 tibi
778 1776 1017 1839 communicatos
1034 1777 1158 1838 minime
1177 1778 1372 1854 dubitamus,

232 1870 305 1950 quin
330 1871 368 1933 ad
388 1874 574 1950 Maiestatem
594 1875 691 1934 Tuam
709 1873 866 1947 detulerit,
888 1874 1068 1954 eosdemque
1093 1877 1155 1937 Nos
1173 1877 1229 1957 ipsi
1254 1895 1374 1939 eramus

230 1970 285 2031 tibi
301 1978 382 2046 turn,
400 1979 558 2050 tamquam
572 1970 644 2032 nihil
655 1978 798 2050 praterea
812 1971 961 2051 agendum
974 1989 1010 2033 ea
1025 1972 1063 2033 de
1074 1991 1107 2034 re
1118 1981 1302 2053 superesset,
1324 1976 1374 2036 ln·

230 2070 433 2130 culentissime
451 2088 505 2150 per
517 2069 632 2131 litteras
646 2076 764 2131 nostras
777 2069 968 2131 declaraturi.
983 2069 1040 2130 Sed
1061 2069 1218 2131 abeodem
1230 2071 1373 2132 certiores

230 2187 325 2249 nuper
340 2169 408 2230 iacti
428 2168 465 2230 de
481 2170 532 2247 iis,
547 2186 613 2249 quae
624 2168 746 2247 dignata
767 2174 812 2228 est
834 2167 874 2226 illi
889 2167 1113 2229 communicare
1136 2167 1276 2244 Maiestas
1288 2170 1371 2243 Tua,

227 2267 301 2327 dum
319 2274 493 2347 prensantem
504 2267 614 2347 negotii
629 2273 740 2328 statum
757 2265 936 2345 explicaret,
952 2272 982 2326 et
993 2284 1048 2348 per
1061 2285 1094 2328 se
1110 2267 1206 2347 ipsam
1217 2313 1225 2343 ,
1236 2274 1266 2328 et
1276 2269 1374 2330 multo

227 2365 319 2426 etiarn
346 2364 484 2428 diffusius
513 2385 567 2447 per
592 2365 735 2426 dilectum
758 2364 854 2424 lilium
875 2365 1024 2425 Baronem
1053 2364 1256 2443 Plumegben,
1281 2366 1372 2427 nostri

227 2481 308 2526 nuuc
323 2463 412 2529 officii
422 2482 488 2528 esse
499 2463 638 2528 ducimus
647 2480 768 2525 omnem
783 2462 891 2524 iterum
905 2466 1035 2523 tractare
1045 2479 1122 2539 rem,
1131 2480 1166 2522 ac
1179 2461 1208 2522 in
1220 2461 1374 2524 delibera-

227 2561 340 2624 tionem
356 2564 522 2641 adducere,
537 2572 570 2625 ιιι
585 2563 615 2624 id
630 2562 751 2624 tandem
770 2560 885 2623 consilii
900 2579 1007 2640 capere
1027 2559 1194 2640 possimus,
1208 2560 1291 2640 quod
1304 2579 1374 2622 rna-

226 2659 305 2722 xime
319 2671 523 2742 opportunum
536 2663 592 2740 sit,
607 2661 748 2743 quodque
758 2679 806 2722 res
818 2661 881 2740 ipsa
891 2705 899 2736 ,
910 2666 1000 2739 prout
1016 2677 1098 2719 nuno
1109 2664 1166 2731 est,
1181 2659 1372 2739 potissimum
1398 2675 1399 2680 ¹

227 2759 378 2838 postulare
401 2761 548 2827 videatur.
571 2761 624 2822 lllo
638 2760 727 2840 igitur
747 2776 809 2838 quo
822 2774 939 2836 semper
960 2757 1004 2817 uti
1020 2758 1169 2833 solemus,
1185 2756 1276 2816 animi
1297 2775 1373 2817 can-

225 2855 314 2932 dore,
333 2875 484 2938 quemque
507 2857 766 2937 regiisrirtutibus
777 2856 837 2917 tuis
855 2855 1038 2935 pecrdiarem
1054 2856 1083 2915 in
1098 2853 1224 2915 modurn
1238 2853 1340 2913 deberi
1355 2873 1373 2913 a
1487 2851 1488 2854 ’

226 2952 318 3012 Nobis
331 2954 541 3032 agnoscimus,
557 2954 587 3014 id
598 2971 679 3014 nunc
690 2952 744 3013 tibi
764 2951 921 3032 perspicue
936 2950 1138 3025 affirmamus,
1157 2950 1243 3011 lacile
1259 2950 1372 3009 victum

227 3048 261 3107 iri
286 3055 420 3109 nostram
437 3049 537 3126 illam,
552 3067 645 3128 quam
658 3047 796 3127 superius
812 3046 981 3121 innuimus,
996 3047 1106 3106 mentis
1119 3044 1370 3125 repugnantiam,

224 3163 262 3205 ne
278 3145 379 3225 petitae
395 3146 587 3227 episcopatus
604 3143 747 3206 erectioni
771 3141 1016 3217 consentiamus,
1032 3142 1056 3201 si
1076 3145 1242 3221 Augustam
1260 3142 1372 3219 lllajes-

224 3249 319 3303 tatem
331 3245 429 3304 Tuam
444 3243 486 3304 ita
506 3258 681 3323 persuasam
702 3257 768 3302 esse
790 3237 946 3300 videamus
967 3237 1003 3298 iis
1025 3237 1203 3316 rationibus,
1220 3258 1296 3320 quas
1316 3259 1372 3320 pro

224 3340 444 3402 Munlracsiensi
455 3338 607 3402 Vicariatu
620 3338 650 3399 iu
667 3337 729 3399 suis
752 3335 842 3398 offert
851 3333 973 3412 litteris,
987 3342 1021 3396 ut
1038 3335 1067 3395 in
1086 3337 1278 3416 semetipsam
1291 3339 1373 3400 reeta

226 3454 295 3515 pere
312 3438 437 3499 minime
450 3444 589 3499 vereatur
600 3432 747 3516 quidquid
762 3431 871 3493 deiude
882 3431 972 3493 luerit
988 3450 1025 3494 ex
1037 3432 1088 3493 illa
1099 3434 1232 3496 novitate
1247 3454 1264 3495 a
1278 3431 1371 3498 Nobis

226 3533 393 3598 inducenda
406 3543 613 3599 consecutum.
629 3533 687 3596 Sed
711 3533 856 3615 quoniam
876 3551 913 3596 ea
926 3539 972 3594 est
993 3532 1096 3613 religio
1108 3540 1176 3608 tua,
1197 3540 1231 3593 ut
1251 3552 1307 3612 pro
1326 3537 1370 3595 rel

199 3677 203 3686 .
225 3633 369 3711 gravitate
388 3635 557 3697 cavendum
571 3632 625 3695 tibi
637 3631 769 3695 manure
785 3650 850 3694 esse
861 3631 1031 3707 existimes,
1052 3637 1141 3711 atque
1154 3630 1268 3691 idcirco
1280 3649 1371 3692 omna

225 3728 284 3789 boc
302 3731 448 3809 judicium
470 3751 487 3794 a
507 3731 600 3794 Nobis
613 3731 764 3793 liberrime
785 3728 935 3810 proticisci
953 3728 1042 3805 velis,
1059 3746 1180 3807 aequum
1196 3727 1287 3789 etiarn
1313 3729 1368 3790 tibl

223 3826 357 3906 proiecto
373 3830 465 3891 videri
488 3830 595 3908 debet,
617 3834 651 3890 ut
674 3831 735 3890 Nos
748 3845 869 3908 quoque
882 3827 913 3887 in
933 3831 1024 3887 tantae
1044 3826 1085 3886 rei
1101 3823 1238 3887 laniendo
1255 3825 1385 3904 judicio

223 3924 317 3985 Nubis
326 3925 397 4005 ipsis
408 3945 585 4003 caveamus,
596 3944 635 3987 ue
649 3926 678 3988 iu
698 3926 772 3988 illud
785 3944 876 4007 porro
890 3923 1082 3987 iurldeudrun
1092 3924 1253 3986 discrimen
1269 3926 1318 4003 sit,
1337 3934 1371 3986 ut

224 4022 253 4082 in
269 4029 403 4085 exuemo
417 4024 465 4085 die
476 4025 610 4085 Christus
620 4022 765 4085 boninus
776 4041 792 4083 e
805 4021 944 4083 manibus
958 4023 1068 4085 nostris
1079 4023 1216 4104 exquirat
1227 4041 1283 4084 suo
1297 4040 1371 4082 san-

222 4119 311 4195 guine
322 4111 512 4202 redemptas,
528 4138 564 4183 ac
581 4120 674 4183 Nobis
687 4138 746 4180 ase
760 4118 936 4181 commissas
949 4121 1081 4196 anlmas,
1098 4139 1165 4201 quae
1179 4119 1219 4180 ob
1234 4125 1369 4180 nostram

224 4212 306 4274 illam
319 4215 493 4278 facilitatem
515 4217 642 4279 fortasse
660 4217 817 4298 perierint,
833 4217 907 4278 dum
926 4218 1047 4280 easdem
1060 4217 1210 4279 credimus
1226 4223 1387 4295 suspecta

223 4309 342 4371 illorum
356 4320 511 4391 pastorum
525 4313 685 4391 custodiae,
695 4327 774 4394 quos
786 4313 852 4399 ipsa
867 4315 1006 4376 Ecclesiae
1017 4316 1086 4392 jura
1099 4315 1138 4373 ab
1158 4312 1301 4390 aliorum,
1317 4315 1368 4394 qui

223 4407 348 4487 propius
370 4409 472 4470 omuia
494 4409 672 4490 inspecturi,
698 4431 732 4472 ac
758 4411 941 4472 moderaturi
962 4413 1037 4489 sint,
1060 4411 1237 4472 auctoritate
1259 4411 1386 4472 liberos'

221 4525 287 4569 esse
300 4524 360 4568 nou
371 4505 480 4569 nnunl.
496 4507 650 4588 Rogamus
669 4508 758 4588 igitur
771 4509 917 4586 majorem
937 4509 966 4569 in
987 4507 1110 4570 modium
1127 4526 1163 4568 nc
1176 4508 1369 4570 obsecramus
