<?xml version="1.0" encoding="UTF-8"?>
<!DOCTYPE html PUBLIC "-//W3C//DTD XHTML 1.0 Transitional//EN"
    "http://www.w3.org/TR/xhtml1/DTD/xhtml1-transitional.dtd">
<html xmlns="http://www.w3.org/1999/xhtml" xml:lang="en" lang="en">
 <head>
  <title>
</title>
<meta http-equiv="Content-Type" content="text/html;charset=utf-8" />
  <meta name='ocr-system' content='tesseract 3.04.00' />
  <meta name='ocr-capabilities' content='ocr_page ocr_carea ocr_par ocr_line ocrx_word'/>
</head>
<body>
  <div class='ocr_page' id='page_1' title='image "./clementisxivpon01clemgoog_0045.png"; bbox 0 0 3194 5354; ppageno 0'>
   <div class='ocr_carea' id='block_1_1' title="bbox 220 469 937 529">
    <p class='ocr_par' dir='ltr' id='par_1_1' title="bbox 220 469 937 529">
     <span class='ocr_line' id='line_1_1' title="bbox 220 469 937 529; baseline -0.011 0"><span class='ocrx_word' id='word_1_1' title='bbox 220 481 254 529; x_wconf 81' lang='grc'><strong>30</strong></span> <span class='ocrx_word' id='word_1_2' title='bbox 648 470 852 525; x_wconf 78' lang='lat' dir='ltr'>CLEMENTIS</span> <span class='ocrx_word' id='word_1_3' title='bbox 872 469 937 523; x_wconf 90' lang='lat' dir='ltr'><strong>XlV</strong></span> 
     </span>
    </p>
   </div>
   <div class='ocr_carea' id='block_1_2' title="bbox 218 571 1378 854">
    <p class='ocr_par' dir='ltr' id='par_1_2' title="bbox 218 571 1378 854">
     <span class='ocr_line' id='line_1_2' title="bbox 219 571 1377 657; baseline -0.008 -17"><span class='ocrx_word' id='word_1_4' title='bbox 219 580 295 641; x_wconf 91' lang='lat' dir='ltr'><strong>licus</strong></span> <span class='ocrx_word' id='word_1_5' title='bbox 314 576 437 638; x_wconf 86' lang='lat' dir='ltr'><strong>aNobis</strong></span> <span class='ocrx_word' id='word_1_6' title='bbox 455 575 618 657; x_wconf 81' lang='lat' dir='ltr'><strong>presertim</strong></span> <span class='ocrx_word' id='word_1_7' title='bbox 637 578 695 636; x_wconf 87' lang='lat' dir='ltr'><strong>lruc</strong></span> <span class='ocrx_word' id='word_1_8' title='bbox 713 574 856 635; x_wconf 76' lang='lat' dir='ltr'><strong>facultate</strong></span> <span class='ocrx_word' id='word_1_9' title='bbox 870 572 1004 633; x_wconf 88' lang='lat' dir='ltr'><strong>munitus</strong></span> <span class='ocrx_word' id='word_1_10' title='bbox 1019 571 1209 631; x_wconf 71' lang='lat' dir='ltr'><strong>concesserit.</strong></span> <span class='ocrx_word' id='word_1_11' title='bbox 1224 571 1316 632; x_wconf 87' lang='lat' dir='ltr'><strong>Vides</strong></span> <span class='ocrx_word' id='word_1_12' title='bbox 1336 591 1377 631; x_wconf 83' lang='lat' dir='ltr'><strong>ex</strong></span> 
     </span>
     <span class='ocr_line' id='line_1_3' title="bbox 219 667 1378 752; baseline -0.007 -16"><span class='ocrx_word' id='word_1_13' title='bbox 219 677 294 752; x_wconf 88' lang='lat' dir='ltr'><strong>boe,</strong></span> <span class='ocrx_word' id='word_1_14' title='bbox 310 676 420 736; x_wconf 87' lang='lat' dir='ltr'><strong>dilecta</strong></span> <span class='ocrx_word' id='word_1_15' title='bbox 439 675 469 734; x_wconf 92' lang='lat' dir='ltr'><strong>in</strong></span> <span class='ocrx_word' id='word_1_16' title='bbox 489 674 606 737; x_wconf 86' lang='lat' dir='ltr'><strong>Christo</strong></span> <span class='ocrx_word' id='word_1_17' title='bbox 622 676 684 737; x_wconf 81' lang='lat' dir='ltr'><strong>fitia</strong></span> <span class='ocrx_word' id='word_1_18' title='bbox 693 720 701 750; x_wconf 90' lang='lat'><strong>,</strong></span> <span class='ocrx_word' id='word_1_19' title='bbox 717 688 810 752; x_wconf 91' lang='lat' dir='ltr'><strong>qnam</strong></span> <span class='ocrx_word' id='word_1_20' title='bbox 824 675 933 731; x_wconf 89' lang='lat' dir='ltr'><strong>merito</strong></span> <span class='ocrx_word' id='word_1_21' title='bbox 952 674 1055 729; x_wconf 86' lang='lat' dir='ltr'><strong>nostra</strong></span> <span class='ocrx_word' id='word_1_22' title='bbox 1072 667 1102 727; x_wconf 92' lang='lat' dir='ltr'><strong>in</strong></span> <span class='ocrx_word' id='word_1_23' title='bbox 1120 686 1173 728; x_wconf 87' lang='lat' dir='ltr'><strong>ros</strong></span> <span class='ocrx_word' id='word_1_24' title='bbox 1187 668 1378 745; x_wconf 72' lang='lat' dir='ltr'><strong>benignitate</strong></span> 
     </span>
     <span class='ocr_line' id='line_1_4' title="bbox 218 764 1378 854; baseline -0.009 -20"><span class='ocrx_word' id='word_1_25' title='bbox 218 773 331 834; x_wconf 83' lang='lat' dir='ltr'><strong>confisa</strong></span> <span class='ocrx_word' id='word_1_26' title='bbox 343 773 395 848; x_wconf 90' lang='lat' dir='ltr'><strong>sis,</strong></span> <span class='ocrx_word' id='word_1_27' title='bbox 406 789 560 852; x_wconf 90' lang='lat' dir='ltr'><strong>quamque</strong></span> <span class='ocrx_word' id='word_1_28' title='bbox 575 773 773 854; x_wconf 68' lang='lat' dir='ltr'><strong>imposterum</strong></span> <span class='ocrx_word' id='word_1_29' title='bbox 784 768 881 849; x_wconf 90' lang='lat' dir='ltr'><strong>possis</strong></span> <span class='ocrx_word' id='word_1_30' title='bbox 894 767 932 828; x_wconf 91' lang='lat' dir='ltr'><strong>ab</strong></span> <span class='ocrx_word' id='word_1_31' title='bbox 943 767 1051 827; x_wconf 91' lang='lat' dir='ltr'><strong>eadem</strong></span> <span class='ocrx_word' id='word_1_32' title='bbox 1066 764 1120 825; x_wconf 94' lang='lat' dir='ltr'><strong>tibi</strong></span> <span class='ocrx_word' id='word_1_33' title='bbox 1137 764 1271 845; x_wconf 90' lang='lat' dir='ltr'><strong>polliceri</strong></span> <span class='ocrx_word' id='word_1_34' title='bbox 1284 766 1378 845; x_wconf 94' lang='lat' dir='ltr'><strong>quid-</strong></span> 
     </span>
    </p>
   </div>
   <div class='ocr_carea' id='block_1_3' title="bbox 217 862 1377 1440">
    <p class='ocr_par' dir='ltr' id='par_1_3' title="bbox 217 862 1377 1440">
     <span class='ocr_line' id='line_1_5' title="bbox 218 862 1376 951; baseline -0.006 -20"><span class='ocrx_word' id='word_1_35' title='bbox 218 871 290 951; x_wconf 89' lang='lat' dir='ltr'><strong>quid</strong></span> <span class='ocrx_word' id='word_1_36' title='bbox 306 870 344 931; x_wconf 90' lang='lat' dir='ltr'><strong>ad</strong></span> <span class='ocrx_word' id='word_1_37' title='bbox 357 870 400 931; x_wconf 89' lang='lat' dir='ltr'><strong>tui</strong></span> <span class='ocrx_word' id='word_1_38' title='bbox 414 868 527 931; x_wconf 79' lang='lat' dir='ltr'><strong>ordinis</strong></span> <span class='ocrx_word' id='word_1_39' title='bbox 546 869 707 932; x_wconf 88' lang='lat' dir='ltr'><strong>commoda</strong></span> <span class='ocrx_word' id='word_1_40' title='bbox 722 874 812 946; x_wconf 87' lang='lat' dir='ltr'><strong>atquc</strong></span> <span class='ocrx_word' id='word_1_41' title='bbox 833 870 1021 940; x_wconf 85' lang='lat' dir='ltr'><strong>ornamenta,</strong></span> <span class='ocrx_word' id='word_1_42' title='bbox 1036 868 1184 942; x_wconf 91' lang='lat' dir='ltr'><strong>qnantum</strong></span> <span class='ocrx_word' id='word_1_43' title='bbox 1198 881 1217 923; x_wconf 89' lang='lat' dir='ltr'><strong>a</strong></span> <span class='ocrx_word' id='word_1_44' title='bbox 1230 862 1325 923; x_wconf 91' lang='lat' dir='ltr'><strong>Nobis</strong></span> <span class='ocrx_word' id='word_1_45' title='bbox 1343 863 1376 924; x_wconf 92' lang='lat' dir='ltr'><strong>in</strong></span> 
     </span>
     <span class='ocr_line' id='line_1_6' title="bbox 218 959 1374 1048; baseline -0.005 -20"><span class='ocrx_word' id='word_1_46' title='bbox 218 968 346 1029; x_wconf 83' lang='lat' dir='ltr'><strong>Domino</strong></span> <span class='ocrx_word' id='word_1_47' title='bbox 359 967 424 1028; x_wconf 87' lang='lat' dir='ltr'><strong>fieri</strong></span> <span class='ocrx_word' id='word_1_48' title='bbox 438 967 565 1048; x_wconf 90' lang='lat' dir='ltr'><strong>poterit,</strong></span> <span class='ocrx_word' id='word_1_49' title='bbox 580 966 717 1048; x_wconf 81' lang='lat' dir='ltr'><strong>augenda</strong></span> <span class='ocrx_word' id='word_1_50' title='bbox 731 985 767 1027; x_wconf 91' lang='lat' dir='ltr'><strong>ac</strong></span> <span class='ocrx_word' id='word_1_51' title='bbox 781 962 989 1045; x_wconf 90' lang='lat' dir='ltr'><strong>promovenda</strong></span> <span class='ocrx_word' id='word_1_52' title='bbox 1003 959 1174 1042; x_wconf 86' lang='lat' dir='ltr'><strong>pertinebit.</strong></span> <span class='ocrx_word' id='word_1_53' title='bbox 1193 962 1323 1020; x_wconf 87' lang='lat' dir='ltr'><strong>Domum</strong></span> <span class='ocrx_word' id='word_1_54' title='bbox 1340 960 1374 1022; x_wconf 93' lang='lat' dir='ltr'><strong>in</strong></span> 
     </span>
     <span class='ocr_line' id='line_1_7' title="bbox 218 1056 1375 1145; baseline -0.007 -19"><span class='ocrx_word' id='word_1_55' title='bbox 218 1065 376 1144; x_wconf 86' lang='lat' dir='ltr'><strong>singularis</strong></span> <span class='ocrx_word' id='word_1_56' title='bbox 393 1070 502 1126; x_wconf 78' lang='lat' dir='ltr'><strong>nostra</strong></span> <span class='ocrx_word' id='word_1_57' title='bbox 513 1082 584 1144; x_wconf 82' lang='lat' dir='ltr'><strong>erga</strong></span> <span class='ocrx_word' id='word_1_58' title='bbox 595 1071 625 1127; x_wconf 91' lang='lat' dir='ltr'><strong>te</strong></span> <span class='ocrx_word' id='word_1_59' title='bbox 641 1070 773 1145; x_wconf 82' lang='lat' dir='ltr'><strong>paternae</strong></span> <span class='ocrx_word' id='word_1_60' title='bbox 783 1059 918 1123; x_wconf 84' lang='lat' dir='ltr'><strong>caritatis</strong></span> <span class='ocrx_word' id='word_1_61' title='bbox 929 1059 1038 1139; x_wconf 85' lang='lat' dir='ltr'><strong>pignus</strong></span> <span class='ocrx_word' id='word_1_62' title='bbox 1059 1056 1257 1139; x_wconf 86' lang='lat' dir='ltr'><strong>apostolicam</strong></span> <span class='ocrx_word' id='word_1_63' title='bbox 1273 1057 1375 1119; x_wconf 89' lang='lat' dir='ltr'><strong>bene-</strong></span> 
     </span>
     <span class='ocr_line' id='line_1_8' title="bbox 217 1154 1372 1239; baseline -0.008 -16"><span class='ocrx_word' id='word_1_64' title='bbox 217 1163 381 1224; x_wconf 86' lang='lat' dir='ltr'><strong>dictionem</strong></span> <span class='ocrx_word' id='word_1_65' title='bbox 392 1163 462 1234; x_wconf 90' lang='lat' dir='ltr'><strong>tibi‚</strong></span> <span class='ocrx_word' id='word_1_66' title='bbox 480 1162 591 1225; x_wconf 88' lang='lat' dir='ltr'><strong>dilecta</strong></span> <span class='ocrx_word' id='word_1_67' title='bbox 604 1164 636 1224; x_wconf 91' lang='lat' dir='ltr'><strong>in</strong></span> <span class='ocrx_word' id='word_1_68' title='bbox 652 1162 769 1224; x_wconf 85' lang='lat' dir='ltr'><strong>Christo</strong></span> <span class='ocrx_word' id='word_1_69' title='bbox 782 1160 861 1237; x_wconf 88' lang='lat' dir='ltr'><strong>fllia,</strong></span> <span class='ocrx_word' id='word_1_70' title='bbox 880 1166 993 1239; x_wconf 89' lang='lat' dir='ltr'><strong>tuoque</strong></span> <span class='ocrx_word' id='word_1_71' title='bbox 1009 1157 1150 1218; x_wconf 80' lang='lat' dir='ltr'><strong>universo</strong></span> <span class='ocrx_word' id='word_1_72' title='bbox 1166 1154 1263 1216; x_wconf 89' lang='lat' dir='ltr'><strong>ordini</strong></span> <span class='ocrx_word' id='word_1_73' title='bbox 1282 1173 1372 1234; x_wconf 92' lang='lat' dir='ltr'><strong>pera-</strong></span> 
     </span>
     <span class='ocr_line' id='line_1_9' title="bbox 218 1255 1377 1343; baseline -0.01 -20"><span class='ocrx_word' id='word_1_74' title='bbox 218 1269 337 1323; x_wconf 91' lang='lat' dir='ltr'><strong>manter</strong></span> <span class='ocrx_word' id='word_1_75' title='bbox 351 1263 550 1343; x_wconf 89' lang='lat' dir='ltr'><strong>impertimur.</strong></span> <span class='ocrx_word' id='word_1_76' title='bbox 564 1265 676 1324; x_wconf 79' lang='lat' dir='ltr'><strong>Dotem</strong></span> <span class='ocrx_word' id='word_1_77' title='bbox 688 1263 800 1329; x_wconf 81' lang='lat' dir='ltr'><strong>Rome,</strong></span> <span class='ocrx_word' id='word_1_78' title='bbox 816 1267 887 1335; x_wconf 78' lang='lat' dir='ltr'><strong>etc,</strong></span> <span class='ocrx_word' id='word_1_79' title='bbox 899 1260 949 1318; x_wconf 83' lang='lat' dir='ltr'><strong>die</strong></span> <span class='ocrx_word' id='word_1_80' title='bbox 961 1268 998 1318; x_wconf 78' lang='lat'><strong>26</strong></span> <span class='ocrx_word' id='word_1_81' title='bbox 1011 1255 1189 1335; x_wconf 82' lang='lat' dir='ltr'><strong>septembris</strong></span> <span class='ocrx_word' id='word_1_82' title='bbox 1202 1263 1290 1329; x_wconf 81' lang='grc'>1769,</span> <span class='ocrx_word' id='word_1_83' title='bbox 1298 1271 1377 1331; x_wconf 83' lang='lat' dir='ltr'><strong>pon·</strong></span> 
     </span>
     <span class='ocr_line' id='line_1_10' title="bbox 219 1363 678 1440; baseline -0.007 -19"><span class='ocrx_word' id='word_1_84' title='bbox 219 1364 359 1440; x_wconf 46' lang='lat' dir='ltr'><strong>tifieatas,</strong></span> <span class='ocrx_word' id='word_1_85' title='bbox 367 1363 463 1422; x_wconf 84' lang='lat' dir='ltr'><strong>nostri</strong></span> <span class='ocrx_word' id='word_1_86' title='bbox 474 1378 555 1422; x_wconf 79' lang='lat' dir='ltr'><strong>enno</strong></span> <span class='ocrx_word' id='word_1_87' title='bbox 566 1363 678 1439; x_wconf 81' lang='lat' dir='ltr'><strong>primo.</strong></span> 
     </span>
    </p>
   </div>
   <div class='ocr_carea' id='block_1_4' title="bbox 695 1488 904 1504">
    <p class='ocr_par' dir='ltr' id='par_1_4' title="bbox 695 1488 904 1504">
     <span class='ocr_line' id='line_1_11' title="bbox 695 1488 904 1504; baseline -0.024 0"><span class='ocrx_word' id='word_1_88' title='bbox 695 1488 904 1504; x_wconf 49' lang='grc' dir='ltr'><strong>Μ</strong></span> 
     </span>
    </p>
   </div>
   <div class='ocr_carea' id='block_1_5' title="bbox 716 1601 868 1672">
    <p class='ocr_par' dir='ltr' id='par_1_5' title="bbox 716 1601 868 1672">
     <span class='ocr_line' id='line_1_12' title="bbox 716 1601 868 1672; baseline -0.02 0"><span class='ocrx_word' id='word_1_89' title='bbox 716 1601 868 1672; x_wconf 87' lang='lat' dir='ltr'>XXXIV.</span> 
     </span>
    </p>
   </div>
   <div class='ocr_carea' id='block_1_6' title="bbox 625 1766 956 1810">
    <p class='ocr_par' dir='ltr' id='par_1_6' title="bbox 625 1766 956 1810">
     <span class='ocr_line' id='line_1_13' title="bbox 625 1766 956 1810; baseline -0.012 0"><span class='ocrx_word' id='word_1_90' title='bbox 625 1769 817 1810; x_wconf 74' lang='lat' dir='ltr'><strong>vsnraamu</strong></span> <span class='ocrx_word' id='word_1_91' title='bbox 842 1766 956 1808; x_wconf 77' lang='lat' dir='ltr'><strong>mrsu</strong></span> 
     </span>
    </p>
   </div>
   <div class='ocr_carea' id='block_1_7' title="bbox 357 1869 1235 2056">
    <p class='ocr_par' dir='ltr' id='par_1_7' title="bbox 357 1869 1235 2056">
     <span class='ocr_line' id='line_1_14' title="bbox 357 1869 1235 1943; baseline -0.008 0"><span class='ocrx_word' id='word_1_92' title='bbox 357 1881 524 1943; x_wconf 81' lang='lat' dir='ltr'>ALOYSIO</span> <span class='ocrx_word' id='word_1_93' title='bbox 544 1880 847 1941; x_wconf 72' lang='lat' dir='ltr'><strong>sscfltsrrscore</strong></span> <span class='ocrx_word' id='word_1_94' title='bbox 865 1869 1063 1938; x_wconf 78' lang='lat' dir='ltr'><strong>&#39;cAESAREAE</strong></span> <span class='ocrx_word' id='word_1_95' title='bbox 1084 1877 1235 1938; x_wconf 76' lang='lat' dir='ltr'><strong>Nosrsn</strong></span> 
     </span>
     <span class='ocr_line' id='line_1_15' title="bbox 399 2003 1193 2056; baseline -0.004 -1"><span class='ocrx_word' id='word_1_96' title='bbox 399 2008 438 2056; x_wconf 73' lang='lat' dir='ltr'><strong>str</strong></span> <span class='ocrx_word' id='word_1_97' title='bbox 455 2007 657 2055; x_wconf 74' lang='lat' dir='ltr'><strong>nrosrorrcn</strong></span> <span class='ocrx_word' id='word_1_98' title='bbox 675 2008 762 2055; x_wconf 87' lang='lat' dir='ltr'><strong>ssnrs</strong></span> <span class='ocrx_word' id='word_1_99' title='bbox 778 2006 897 2055; x_wconf 83' lang='lat' dir='ltr'><strong>nuarro</strong></span> <span class='ocrx_word' id='word_1_100' title='bbox 914 2005 997 2052; x_wconf 58' lang='lat' dir='ltr'><strong>arion</strong></span> <span class='ocrx_word' id='word_1_101' title='bbox 1015 2003 1193 2052; x_wconf 79' lang='lat' dir='ltr'><strong>trunvnrros</strong></span> 
     </span>
    </p>
   </div>
   <div class='ocr_carea' id='block_1_8' title="bbox 514 2111 1039 2191">
    <p class='ocr_par' dir='ltr' id='par_1_8' title="bbox 514 2111 1039 2191">
     <span class='ocr_line' id='line_1_16' title="bbox 514 2111 1039 2191; baseline -0.002 -2"><span class='ocrx_word' id='word_1_102' title='bbox 514 2111 748 2191; x_wconf 84' lang='lat' dir='ltr'>CLEMENS</span> <span class='ocrx_word' id='word_1_103' title='bbox 777 2115 905 2191; x_wconf 84' lang='lat' dir='ltr'><strong>PAPA</strong></span> <span class='ocrx_word' id='word_1_104' title='bbox 933 2114 1039 2189; x_wconf 87' lang='lat' dir='ltr'>XIV.</span> 
     </span>
    </p>
   </div>
   <div class='ocr_carea' id='block_1_9' title="bbox 918 2314 1295 2377">
    <p class='ocr_par' dir='ltr' id='par_1_9' title="bbox 918 2314 1295 2377">
     <span class='ocr_line' id='line_1_17' title="bbox 918 2314 1295 2377; baseline 0 -12"><span class='ocrx_word' id='word_1_105' title='bbox 918 2319 1012 2376; x_wconf 80' lang='lat' dir='ltr'><strong>Rome,</strong></span> <span class='ocrx_word' id='word_1_106' title='bbox 1031 2319 1058 2365; x_wconf 87' lang='lat'><strong>27</strong></span> <span class='ocrx_word' id='word_1_107' title='bbox 1072 2314 1214 2377; x_wconf 84' lang='lat' dir='ltr'><strong>septembris</strong></span> <span class='ocrx_word' id='word_1_108' title='bbox 1225 2318 1295 2365; x_wconf 76' lang='grc'><strong>1769.</strong></span> 
     </span>
    </p>
   </div>
   <div class='ocr_carea' id='block_1_10' title="bbox 219 2421 1381 4556">
    <p class='ocr_par' dir='ltr' id='par_1_10' title="bbox 219 2421 1381 4556">
     <span class='ocr_line' id='line_1_18' title="bbox 265 2421 1380 2503; baseline 0.003 -20"><span class='ocrx_word' id='word_1_109' title='bbox 265 2422 450 2483; x_wconf 77' lang='lat' dir='ltr'><strong>Venerabilis</strong></span> <span class='ocrx_word' id='word_1_110' title='bbox 464 2424 582 2492; x_wconf 84' lang='lat' dir='ltr'><strong>Frater,</strong></span> <span class='ocrx_word' id='word_1_111' title='bbox 595 2427 650 2481; x_wconf 88' lang='lat' dir='ltr'><strong>etc.</strong></span> <span class='ocrx_word' id='word_1_112' title='bbox 664 2423 727 2483; x_wconf 89' lang='lat' dir='ltr'><strong>Etsi</strong></span> <span class='ocrx_word' id='word_1_113' title='bbox 740 2422 934 2484; x_wconf 89' lang='lat' dir='ltr'><strong>vehementer</strong></span> <span class='ocrx_word' id='word_1_114' title='bbox 944 2429 1032 2484; x_wconf 87' lang='lat' dir='ltr'><strong>antea</strong></span> <span class='ocrx_word' id='word_1_115' title='bbox 1043 2421 1135 2483; x_wconf 85' lang='lat' dir='ltr'><strong>fidem</strong></span> <span class='ocrx_word' id='word_1_116' title='bbox 1149 2429 1234 2483; x_wconf 91' lang='lat' dir='ltr'><strong>tuam</strong></span> <span class='ocrx_word' id='word_1_117' title='bbox 1245 2422 1277 2482; x_wconf 93' lang='lat' dir='ltr'><strong>in</strong></span> <span class='ocrx_word' id='word_1_118' title='bbox 1291 2441 1380 2503; x_wconf 86' lang='lat' dir='ltr'><strong>pera-</strong></span> 
     </span>
     <span class='ocr_line' id='line_1_19' title="bbox 220 2517 1378 2602; baseline 0.003 -21"><span class='ocrx_word' id='word_1_119' title='bbox 220 2520 319 2598; x_wconf 82' lang='lat' dir='ltr'><strong>gendo</strong></span> <span class='ocrx_word' id='word_1_120' title='bbox 329 2519 387 2580; x_wconf 90' lang='lat' dir='ltr'><strong>isto</strong></span> <span class='ocrx_word' id='word_1_121' title='bbox 396 2517 569 2597; x_wconf 84' lang='lat' dir='ltr'><strong>apostolicae</strong></span> <span class='ocrx_word' id='word_1_122' title='bbox 579 2518 735 2596; x_wconf 83' lang='lat' dir='ltr'><strong>legationis</strong></span> <span class='ocrx_word' id='word_1_123' title='bbox 746 2519 1011 2581; x_wconf 90' lang='lat' dir='ltr'><strong>munerestndium</strong></span> <span class='ocrx_word' id='word_1_124' title='bbox 1020 2539 1056 2581; x_wconf 90' lang='lat' dir='ltr'><strong>ac</strong></span> <span class='ocrx_word' id='word_1_125' title='bbox 1066 2520 1258 2601; x_wconf 83' lang='lat' dir='ltr'><strong>prudentiam</strong></span> <span class='ocrx_word' id='word_1_126' title='bbox 1267 2523 1378 2602; x_wconf 85' lang='lat' dir='ltr'><strong>proba-</strong></span> 
     </span>
     <span class='ocr_line' id='line_1_20' title="bbox 221 2616 1377 2696; baseline 0.003 -18"><span class='ocrx_word' id='word_1_127' title='bbox 221 2635 334 2692; x_wconf 86' lang='lat' dir='ltr'><strong>remus,</strong></span> <span class='ocrx_word' id='word_1_128' title='bbox 352 2635 389 2677; x_wconf 88' lang='lat' dir='ltr'><strong>ea</strong></span> <span class='ocrx_word' id='word_1_129' title='bbox 408 2623 510 2676; x_wconf 89' lang='lat' dir='ltr'><strong>tamen</strong></span> <span class='ocrx_word' id='word_1_130' title='bbox 521 2616 653 2678; x_wconf 83' lang='lat' dir='ltr'><strong>recentia</strong></span> <span class='ocrx_word' id='word_1_131' title='bbox 666 2617 792 2678; x_wconf 88' lang='lat' dir='ltr'><strong>consilia</strong></span> <span class='ocrx_word' id='word_1_132' title='bbox 804 2636 839 2678; x_wconf 87' lang='lat' dir='ltr'><strong>ae</strong></span> <span class='ocrx_word' id='word_1_133' title='bbox 852 2617 933 2680; x_wconf 91' lang='lat' dir='ltr'><strong>facta</strong></span> <span class='ocrx_word' id='word_1_134' title='bbox 947 2624 1000 2680; x_wconf 88' lang='lat' dir='ltr'><strong>tua</strong></span> <span class='ocrx_word' id='word_1_135' title='bbox 1017 2619 1195 2696; x_wconf 87' lang='lat' dir='ltr'><strong>extiterunt,</strong></span> <span class='ocrx_word' id='word_1_136' title='bbox 1211 2625 1245 2680; x_wconf 88' lang='lat' dir='ltr'><strong>ut</strong></span> <span class='ocrx_word' id='word_1_137' title='bbox 1263 2620 1377 2681; x_wconf 87' lang='lat' dir='ltr'><strong>mirum</strong></span> 
     </span>
     <span class='ocr_line' id='line_1_21' title="bbox 221 2713 1378 2795; baseline 0.003 -19"><span class='ocrx_word' id='word_1_138' title='bbox 221 2715 252 2776; x_wconf 92' lang='lat' dir='ltr'><strong>in</strong></span> <span class='ocrx_word' id='word_1_139' title='bbox 269 2714 396 2775; x_wconf 89' lang='lat' dir='ltr'><strong>modum</strong></span> <span class='ocrx_word' id='word_1_140' title='bbox 414 2713 554 2774; x_wconf 90' lang='lat' dir='ltr'><strong>delectati</strong></span> <span class='ocrx_word' id='word_1_141' title='bbox 576 2713 633 2774; x_wconf 88' lang='lat' dir='ltr'><strong>ista</strong></span> <span class='ocrx_word' id='word_1_142' title='bbox 647 2713 756 2775; x_wconf 88' lang='lat' dir='ltr'><strong>virtute</strong></span> <span class='ocrx_word' id='word_1_143' title='bbox 771 2714 882 2791; x_wconf 87' lang='lat' dir='ltr'><strong>simus,</strong></span> <span class='ocrx_word' id='word_1_144' title='bbox 907 2734 942 2777; x_wconf 87' lang='lat' dir='ltr'><strong>ac</strong></span> <span class='ocrx_word' id='word_1_145' title='bbox 965 2715 1003 2776; x_wconf 89' lang='lat' dir='ltr'><strong>ad</strong></span> <span class='ocrx_word' id='word_1_146' title='bbox 1027 2715 1159 2795; x_wconf 89' lang='lat' dir='ltr'><strong>teipsum</strong></span> <span class='ocrx_word' id='word_1_147' title='bbox 1180 2715 1237 2777; x_wconf 86' lang='lat' dir='ltr'><strong>hos</strong></span> <span class='ocrx_word' id='word_1_148' title='bbox 1258 2723 1378 2780; x_wconf 89' lang='lat' dir='ltr'><strong>nostros</strong></span> 
     </span>
     <span class='ocr_line' id='line_1_22' title="bbox 221 2809 1377 2895; baseline 0.002 -21"><span class='ocrx_word' id='word_1_149' title='bbox 221 2812 259 2874; x_wconf 93' lang='lat' dir='ltr'><strong>de</strong></span> <span class='ocrx_word' id='word_1_150' title='bbox 268 2819 410 2874; x_wconf 87' lang='lat' dir='ltr'><strong>tesensus</strong></span> <span class='ocrx_word' id='word_1_151' title='bbox 419 2810 616 2892; x_wconf 83' lang='lat' dir='ltr'><strong>perscribere,</strong></span> <span class='ocrx_word' id='word_1_152' title='bbox 629 2809 735 2889; x_wconf 88' lang='lat' dir='ltr'><strong>hisque</strong></span> <span class='ocrx_word' id='word_1_153' title='bbox 748 2810 854 2871; x_wconf 91' lang='lat' dir='ltr'><strong>litteris</strong></span> <span class='ocrx_word' id='word_1_154' title='bbox 867 2812 977 2873; x_wconf 89' lang='lat' dir='ltr'><strong>merita</strong></span> <span class='ocrx_word' id='word_1_155' title='bbox 988 2818 1018 2874; x_wconf 86' lang='lat' dir='ltr'><strong>te</strong></span> <span class='ocrx_word' id='word_1_156' title='bbox 1031 2812 1120 2874; x_wconf 90' lang='lat' dir='ltr'><strong>laude</strong></span> <span class='ocrx_word' id='word_1_157' title='bbox 1130 2813 1271 2894; x_wconf 88' lang='lat' dir='ltr'><strong>prosequi</strong></span> <span class='ocrx_word' id='word_1_158' title='bbox 1285 2820 1377 2895; x_wconf 87' lang='lat' dir='ltr'><strong>atque</strong></span> 
     </span>
     <span class='ocr_line' id='line_1_23' title="bbox 220 2909 1379 2990; baseline 0.001 -17"><span class='ocrx_word' id='word_1_159' title='bbox 220 2930 330 2974; x_wconf 88' lang='lat' dir='ltr'><strong>ornare</strong></span> <span class='ocrx_word' id='word_1_160' title='bbox 341 2910 574 2973; x_wconf 84' lang='lat' dir='ltr'><strong>decreverimus.</strong></span> <span class='ocrx_word' id='word_1_161' title='bbox 587 2912 653 2971; x_wconf 89' lang='lat' dir='ltr'><strong>Tua</strong></span> <span class='ocrx_word' id='word_1_162' title='bbox 666 2909 748 2970; x_wconf 91' lang='lat' dir='ltr'><strong>enim</strong></span> <span class='ocrx_word' id='word_1_163' title='bbox 760 2926 865 2989; x_wconf 89' lang='lat' dir='ltr'><strong>opera,</strong></span> <span class='ocrx_word' id='word_1_164' title='bbox 880 2910 984 2971; x_wconf 88' lang='lat' dir='ltr'><strong>labore</strong></span> <span class='ocrx_word' id='word_1_165' title='bbox 999 2916 1089 2990; x_wconf 90' lang='lat' dir='ltr'><strong>atque</strong></span> <span class='ocrx_word' id='word_1_166' title='bbox 1099 2909 1247 2972; x_wconf 91' lang='lat' dir='ltr'><strong>industria</strong></span> <span class='ocrx_word' id='word_1_167' title='bbox 1261 2911 1379 2974; x_wconf 84' lang='lat' dir='ltr'><strong>facturn</strong></span> 
     </span>
     <span class='ocr_line' id='line_1_24' title="bbox 219 3009 1377 3090; baseline 0.001 -19"><span class='ocrx_word' id='word_1_168' title='bbox 219 3027 285 3072; x_wconf 89' lang='lat' dir='ltr'><strong>esse</strong></span> <span class='ocrx_word' id='word_1_169' title='bbox 300 3009 509 3090; x_wconf 82' lang='lat' dir='ltr'><strong>agnoscimus,</strong></span> <span class='ocrx_word' id='word_1_170' title='bbox 533 3016 565 3071; x_wconf 91' lang='lat' dir='ltr'><strong>ut</strong></span> <span class='ocrx_word' id='word_1_171' title='bbox 586 3009 720 3090; x_wconf 90' lang='lat' dir='ltr'><strong>primum</strong></span> <span class='ocrx_word' id='word_1_172' title='bbox 738 3009 857 3072; x_wconf 90' lang='lat' dir='ltr'><strong>libellus</strong></span> <span class='ocrx_word' id='word_1_173' title='bbox 879 3009 929 3071; x_wconf 92' lang='lat' dir='ltr'><strong>ille</strong></span> <span class='ocrx_word' id='word_1_174' title='bbox 944 3012 1143 3090; x_wconf 73' lang='lat' dir='ltr'><strong>reflexionem</strong></span> <span class='ocrx_word' id='word_1_175' title='bbox 1163 3015 1270 3071; x_wconf 88' lang='lat' dir='ltr'><strong>contra</strong></span> <span class='ocrx_word' id='word_1_176' title='bbox 1284 3029 1377 3090; x_wconf 83' lang='lat' dir='ltr'><strong>regu-</strong></span> 
     </span>
     <span class='ocr_line' id='line_1_25' title="bbox 221 3107 1378 3188; baseline 0.001 -19"><span class='ocrx_word' id='word_1_177' title='bbox 221 3109 298 3170; x_wconf 87' lang='lat' dir='ltr'><strong>lares</strong></span> <span class='ocrx_word' id='word_1_178' title='bbox 308 3110 429 3171; x_wconf 88' lang='lat' dir='ltr'><strong>ordines</strong></span> <span class='ocrx_word' id='word_1_179' title='bbox 448 3108 538 3171; x_wconf 83' lang='lat' dir='ltr'><strong>isthic</strong></span> <span class='ocrx_word' id='word_1_180' title='bbox 551 3108 650 3170; x_wconf 91' lang='lat' dir='ltr'><strong>editus</strong></span> <span class='ocrx_word' id='word_1_181' title='bbox 665 3127 683 3170; x_wconf 88' lang='lat' dir='ltr'><strong>a</strong></span> <span class='ocrx_word' id='word_1_182' title='bbox 696 3115 801 3170; x_wconf 90' lang='lat' dir='ltr'><strong>senatu</strong></span> <span class='ocrx_word' id='word_1_183' title='bbox 816 3108 987 3171; x_wconf 89' lang='lat' dir='ltr'><strong>lucemensi</strong></span> <span class='ocrx_word' id='word_1_184' title='bbox 1007 3107 1257 3188; x_wconf 83' lang='lat' dir='ltr'><strong>proscriberetur,</strong></span> <span class='ocrx_word' id='word_1_185' title='bbox 1279 3125 1378 3187; x_wconf 86' lang='lat' dir='ltr'><strong>neque</strong></span> 
     </span>
     <span class='ocr_line' id='line_1_26' title="bbox 220 3205 1378 3286; baseline 0.002 -21"><span class='ocrx_word' id='word_1_186' title='bbox 220 3206 386 3285; x_wconf 86' lang='lat' dir='ltr'><strong>quidquam</strong></span> <span class='ocrx_word' id='word_1_187' title='bbox 400 3212 506 3267; x_wconf 88' lang='lat' dir='ltr'><strong>eontra</strong></span> <span class='ocrx_word' id='word_1_188' title='bbox 517 3206 652 3283; x_wconf 88' lang='lat' dir='ltr'><strong>eosdem,</strong></span> <span class='ocrx_word' id='word_1_189' title='bbox 660 3206 698 3268; x_wconf 91' lang='lat' dir='ltr'><strong>de</strong></span> <span class='ocrx_word' id='word_1_190' title='bbox 708 3226 770 3286; x_wconf 91' lang='lat' dir='ltr'><strong>quo</strong></span> <span class='ocrx_word' id='word_1_191' title='bbox 779 3207 867 3270; x_wconf 90' lang='lat' dir='ltr'><strong>valde</strong></span> <span class='ocrx_word' id='word_1_192' title='bbox 877 3206 1042 3269; x_wconf 85' lang='lat' dir='ltr'><strong>verendum</strong></span> <span class='ocrx_word' id='word_1_193' title='bbox 1053 3213 1130 3284; x_wconf 87' lang='lat' dir='ltr'><strong>erat,</strong></span> <span class='ocrx_word' id='word_1_194' title='bbox 1143 3205 1242 3268; x_wconf 90' lang='lat' dir='ltr'><strong>moliri</strong></span> <span class='ocrx_word' id='word_1_195' title='bbox 1255 3206 1284 3266; x_wconf 93' lang='lat' dir='ltr'><strong>in</strong></span> <span class='ocrx_word' id='word_1_196' title='bbox 1293 3224 1378 3267; x_wconf 90' lang='lat' dir='ltr'><strong>eom-</strong></span> 
     </span>
     <span class='ocr_line' id='line_1_27' title="bbox 221 3300 1378 3386; baseline 0.005 -27"><span class='ocrx_word' id='word_1_197' title='bbox 221 3300 306 3360; x_wconf 85' lang='lat' dir='ltr'><strong>rnnni</strong></span> <span class='ocrx_word' id='word_1_198' title='bbox 317 3300 555 3362; x_wconf 87' lang='lat' dir='ltr'><strong>Fravenfeldensi</strong></span> <span class='ocrx_word' id='word_1_199' title='bbox 565 3303 689 3364; x_wconf 90' lang='lat' dir='ltr'><strong>consilio</strong></span> <span class='ocrx_word' id='word_1_200' title='bbox 699 3304 861 3366; x_wconf 76' lang='lat' dir='ltr'><strong>adversarii</strong></span> <span class='ocrx_word' id='word_1_201' title='bbox 873 3305 1038 3386; x_wconf 88' lang='lat' dir='ltr'><strong>potuerint,</strong></span> <span class='ocrx_word' id='word_1_202' title='bbox 1049 3323 1148 3385; x_wconf 90' lang='lat' dir='ltr'><strong>neque</strong></span> <span class='ocrx_word' id='word_1_203' title='bbox 1160 3304 1239 3366; x_wconf 90' lang='lat' dir='ltr'><strong>ullos</strong></span> <span class='ocrx_word' id='word_1_204' title='bbox 1250 3302 1378 3365; x_wconf 83' lang='lat' dir='ltr'><strong>fortasse</strong></span> 
     </span>
     <span class='ocr_line' id='line_1_28' title="bbox 220 3395 1376 3483; baseline 0.007 -28"><span class='ocrx_word' id='word_1_205' title='bbox 220 3395 352 3457; x_wconf 87' lang='lat' dir='ltr'><strong>habituri</strong></span> <span class='ocrx_word' id='word_1_206' title='bbox 375 3396 574 3475; x_wconf 91' lang='lat' dir='ltr'><strong>imposterum</strong></span> <span class='ocrx_word' id='word_1_207' title='bbox 595 3416 751 3461; x_wconf 86' lang='lat' dir='ltr'><strong>successus</strong></span> <span class='ocrx_word' id='word_1_208' title='bbox 769 3402 829 3462; x_wconf 91' lang='lat' dir='ltr'><strong>sint</strong></span> <span class='ocrx_word' id='word_1_209' title='bbox 848 3402 878 3462; x_wconf 91' lang='lat' dir='ltr'><strong>iu</strong></span> <span class='ocrx_word' id='word_1_210' title='bbox 897 3403 1036 3483; x_wconf 85' lang='lat' dir='ltr'><strong>proximo</strong></span> <span class='ocrx_word' id='word_1_211' title='bbox 1052 3403 1179 3464; x_wconf 91' lang='lat' dir='ltr'><strong>consilio</strong></span> <span class='ocrx_word' id='word_1_212' title='bbox 1190 3403 1376 3483; x_wconf 81' lang='lat' dir='ltr'><strong>Luganensi,</strong></span> 
     </span>
     <span class='ocr_line' id='line_1_29' title="bbox 222 3490 1380 3574; baseline 0.008 -23"><span class='ocrx_word' id='word_1_213' title='bbox 222 3508 329 3552; x_wconf 90' lang='lat' dir='ltr'><strong>eorum</strong></span> <span class='ocrx_word' id='word_1_214' title='bbox 338 3490 497 3552; x_wconf 87' lang='lat' dir='ltr'><strong>conatibus</strong></span> <span class='ocrx_word' id='word_1_215' title='bbox 503 3492 568 3569; x_wconf 85' lang='lat' dir='ltr'><strong>jam</strong></span> <span class='ocrx_word' id='word_1_216' title='bbox 584 3500 703 3555; x_wconf 87' lang='lat' dir='ltr'><strong>mature</strong></span> <span class='ocrx_word' id='word_1_217' title='bbox 715 3513 769 3574; x_wconf 89' lang='lat' dir='ltr'><strong>per</strong></span> <span class='ocrx_word' id='word_1_218' title='bbox 784 3503 813 3556; x_wconf 93' lang='lat' dir='ltr'><strong>te</strong></span> <span class='ocrx_word' id='word_1_219' title='bbox 824 3495 927 3559; x_wconf 87' lang='lat' dir='ltr'><strong>fractis</strong></span> <span class='ocrx_word' id='word_1_220' title='bbox 942 3516 978 3560; x_wconf 89' lang='lat' dir='ltr'><strong>ac</strong></span> <span class='ocrx_word' id='word_1_221' title='bbox 991 3498 1190 3561; x_wconf 81' lang='lat' dir='ltr'><strong>labefactatis.</strong></span> <span class='ocrx_word' id='word_1_222' title='bbox 1205 3499 1274 3560; x_wconf 79' lang='lat' dir='ltr'><strong>Alia</strong></span> <span class='ocrx_word' id='word_1_223' title='bbox 1285 3498 1380 3560; x_wconf 89' lang='lat' dir='ltr'><strong>etiam</strong></span> 
     </span>
     <span class='ocr_line' id='line_1_30' title="bbox 225 3587 1379 3677; baseline 0.008 -28"><span class='ocrx_word' id='word_1_224' title='bbox 225 3587 365 3650; x_wconf 82' lang='lat' dir='ltr'><strong>Ecclesiae</strong></span> <span class='ocrx_word' id='word_1_225' title='bbox 375 3589 458 3667; x_wconf 87' lang='lat' dir='ltr'><strong>jorn,</strong></span> <span class='ocrx_word' id='word_1_226' title='bbox 472 3606 508 3650; x_wconf 91' lang='lat' dir='ltr'><strong>ac</strong></span> <span class='ocrx_word' id='word_1_227' title='bbox 518 3590 685 3669; x_wconf 76' lang='lat' dir='ltr'><strong>prasertim</strong></span> <span class='ocrx_word' id='word_1_228' title='bbox 696 3609 743 3668; x_wconf 90' lang='lat' dir='ltr'><strong>ea,</strong></span> <span class='ocrx_word' id='word_1_229' title='bbox 756 3610 824 3671; x_wconf 82' lang='lat' dir='ltr'><strong>quae</strong></span> <span class='ocrx_word' id='word_1_230' title='bbox 837 3594 877 3655; x_wconf 89' lang='lat' dir='ltr'><strong>ad</strong></span> <span class='ocrx_word' id='word_1_231' title='bbox 891 3596 1115 3659; x_wconf 85' lang='lat' dir='ltr'><strong>immunitatem</strong></span> <span class='ocrx_word' id='word_1_232' title='bbox 1128 3597 1296 3677; x_wconf 87' lang='lat' dir='ltr'><strong>pertinent,</strong></span> <span class='ocrx_word' id='word_1_233' title='bbox 1307 3597 1379 3674; x_wconf 90' lang='lat' dir='ltr'><strong>qui-</strong></span> 
     </span>
     <span class='ocr_line' id='line_1_31' title="bbox 220 3685 1381 3775; baseline 0.009 -29"><span class='ocrx_word' id='word_1_234' title='bbox 220 3686 278 3747; x_wconf 89' lang='lat' dir='ltr'><strong>bus</strong></span> <span class='ocrx_word' id='word_1_235' title='bbox 292 3685 382 3748; x_wconf 90' lang='lat' dir='ltr'><strong>isthic</strong></span> <span class='ocrx_word' id='word_1_236' title='bbox 397 3686 603 3751; x_wconf 88' lang='lat' dir='ltr'><strong>intentabatur</strong></span> <span class='ocrx_word' id='word_1_237' title='bbox 619 3690 682 3769; x_wconf 89' lang='lat' dir='ltr'><strong>vis,</strong></span> <span class='ocrx_word' id='word_1_238' title='bbox 704 3693 848 3772; x_wconf 68' lang='lat' dir='ltr'><strong>preclare</strong></span> <span class='ocrx_word' id='word_1_239' title='bbox 866 3695 997 3757; x_wconf 83' lang='lat' dir='ltr'><strong>sustines</strong></span> <span class='ocrx_word' id='word_1_240' title='bbox 1010 3714 1046 3757; x_wconf 87' lang='lat' dir='ltr'><strong>ae</strong></span> <span class='ocrx_word' id='word_1_241' title='bbox 1058 3696 1169 3773; x_wconf 83' lang='lat' dir='ltr'><strong>tueris,</strong></span> <span class='ocrx_word' id='word_1_242' title='bbox 1192 3695 1381 3775; x_wconf 89' lang='lat' dir='ltr'><strong>istorumque</strong></span> 
     </span>
     <span class='ocr_line' id='line_1_32' title="bbox 221 3782 1378 3874; baseline 0.008 -30"><span class='ocrx_word' id='word_1_243' title='bbox 221 3782 334 3844; x_wconf 88' lang='lat' dir='ltr'><strong>civium</strong></span> <span class='ocrx_word' id='word_1_244' title='bbox 347 3801 383 3844; x_wconf 84' lang='lat' dir='ltr'><strong>ac</strong></span> <span class='ocrx_word' id='word_1_245' title='bbox 396 3792 572 3849; x_wconf 90' lang='lat' dir='ltr'><strong>senatorum</strong></span> <span class='ocrx_word' id='word_1_246' title='bbox 581 3787 725 3868; x_wconf 85' lang='lat' dir='ltr'><strong>pietatem</strong></span> <span class='ocrx_word' id='word_1_247' title='bbox 739 3790 799 3852; x_wconf 91' lang='lat' dir='ltr'><strong>tuis</strong></span> <span class='ocrx_word' id='word_1_248' title='bbox 810 3792 943 3854; x_wconf 89' lang='lat' dir='ltr'><strong>consiliis</strong></span> <span class='ocrx_word' id='word_1_249' title='bbox 956 3793 1069 3855; x_wconf 84' lang='lat' dir='ltr'><strong>excitas</strong></span> <span class='ocrx_word' id='word_1_250' title='bbox 1088 3799 1179 3874; x_wconf 91' lang='lat' dir='ltr'><strong>atque</strong></span> <span class='ocrx_word' id='word_1_251' title='bbox 1191 3792 1325 3868; x_wconf 88' lang='lat' dir='ltr'><strong>instruis,</strong></span> <span class='ocrx_word' id='word_1_252' title='bbox 1340 3809 1378 3853; x_wconf 90' lang='lat' dir='ltr'><strong>ne</strong></span> 
     </span>
     <span class='ocr_line' id='line_1_33' title="bbox 221 3879 1381 3970; baseline 0.009 -32"><span class='ocrx_word' id='word_1_253' title='bbox 221 3879 295 3962; x_wconf 90' lang='lat' dir='ltr'><strong>qnid</strong></span> <span class='ocrx_word' id='word_1_254' title='bbox 307 3881 457 3957; x_wconf 89' lang='lat' dir='ltr'><strong>ejusmodi</strong></span> <span class='ocrx_word' id='word_1_255' title='bbox 471 3883 535 3943; x_wconf 89' lang='lat' dir='ltr'><strong>fieri</strong></span> <span class='ocrx_word' id='word_1_256' title='bbox 549 3885 715 3964; x_wconf 90' lang='lat' dir='ltr'><strong>patiantur,</strong></span> <span class='ocrx_word' id='word_1_257' title='bbox 730 3887 813 3967; x_wconf 90' lang='lat' dir='ltr'><strong>quod</strong></span> <span class='ocrx_word' id='word_1_258' title='bbox 829 3888 980 3952; x_wconf 91' lang='lat' dir='ltr'><strong>bonorum</strong></span> <span class='ocrx_word' id='word_1_259' title='bbox 999 3888 1157 3952; x_wconf 83' lang='lat' dir='ltr'><strong>offensioni</strong></span> <span class='ocrx_word' id='word_1_260' title='bbox 1171 3889 1222 3965; x_wconf 91' lang='lat' dir='ltr'><strong>sit,</strong></span> <span class='ocrx_word' id='word_1_261' title='bbox 1236 3888 1381 3970; x_wconf 87' lang='lat' dir='ltr'><strong>quodque</strong></span> 
     </span>
     <span class='ocr_line' id='line_1_34' title="bbox 220 3978 1380 4069; baseline 0.005 -30"><span class='ocrx_word' id='word_1_262' title='bbox 220 3978 355 4060; x_wconf 86' lang='lat' dir='ltr'><strong>pessimo</strong></span> <span class='ocrx_word' id='word_1_263' title='bbox 367 3980 507 4059; x_wconf 82' lang='lat' dir='ltr'><strong>exemplo</strong></span> <span class='ocrx_word' id='word_1_264' title='bbox 519 3986 754 4061; x_wconf 86' lang='lat' dir='ltr'><strong>protestantium</strong></span> <span class='ocrx_word' id='word_1_265' title='bbox 769 3992 871 4066; x_wconf 89' lang='lat' dir='ltr'><strong>posset</strong></span> <span class='ocrx_word' id='word_1_266' title='bbox 888 3985 928 4048; x_wconf 87' lang='lat' dir='ltr'><strong>ad</strong></span> <span class='ocrx_word' id='word_1_267' title='bbox 942 3986 1127 4069; x_wconf 90' lang='lat' dir='ltr'><strong>diripiendas</strong></span> <span class='ocrx_word' id='word_1_268' title='bbox 1139 3986 1282 4049; x_wconf 85' lang='lat' dir='ltr'><strong>ecclesias</strong></span> <span class='ocrx_word' id='word_1_269' title='bbox 1300 3985 1380 4045; x_wconf 80' lang='lat' dir='ltr'><strong>iuci-</strong></span> 
     </span>
     <span class='ocr_line' id='line_1_35' title="bbox 222 4074 1381 4157; baseline 0.006 -22"><span class='ocrx_word' id='word_1_270' title='bbox 222 4082 286 4137; x_wconf 89' lang='lat' dir='ltr'><strong>tare</strong></span> <span class='ocrx_word' id='word_1_271' title='bbox 296 4074 455 4137; x_wconf 89' lang='lat' dir='ltr'><strong>audaciam</strong></span> <span class='ocrx_word' id='word_1_272' title='bbox 467 4094 504 4137; x_wconf 89' lang='lat' dir='ltr'><strong>ae</strong></span> <span class='ocrx_word' id='word_1_273' title='bbox 518 4079 728 4157; x_wconf 89' lang='lat' dir='ltr'><strong>cupiditatem.</strong></span> <span class='ocrx_word' id='word_1_274' title='bbox 741 4083 785 4142; x_wconf 86' lang='lat' dir='ltr'><strong>Ex</strong></span> <span class='ocrx_word' id='word_1_275' title='bbox 795 4082 853 4144; x_wconf 89' lang='lat' dir='ltr'><strong>ista</strong></span> <span class='ocrx_word' id='word_1_276' title='bbox 866 4082 923 4145; x_wconf 86' lang='lat' dir='ltr'><strong>etsi</strong></span> <span class='ocrx_word' id='word_1_277' title='bbox 936 4083 1020 4145; x_wconf 89' lang='lat' dir='ltr'><strong>brevi</strong></span> <span class='ocrx_word' id='word_1_278' title='bbox 1036 4084 1191 4145; x_wconf 90' lang='lat' dir='ltr'><strong>actionum</strong></span> <span class='ocrx_word' id='word_1_279' title='bbox 1207 4099 1243 4143; x_wconf 85' lang='lat' dir='ltr'><strong>ae</strong></span> <span class='ocrx_word' id='word_1_280' title='bbox 1251 4079 1381 4142; x_wconf 91' lang='lat' dir='ltr'><strong>laudum</strong></span> 
     </span>
     <span class='ocr_line' id='line_1_36' title="bbox 223 4175 1380 4261; baseline 0.008 -30"><span class='ocrx_word' id='word_1_281' title='bbox 223 4177 343 4233; x_wconf 86' lang='lat' dir='ltr'><strong>tuarum</strong></span> <span class='ocrx_word' id='word_1_282' title='bbox 357 4175 645 4238; x_wconf 87' lang='lat' dir='ltr'><strong>commemoratione</strong></span> <span class='ocrx_word' id='word_1_283' title='bbox 668 4178 755 4239; x_wconf 92' lang='lat' dir='ltr'><strong>facile</strong></span> <span class='ocrx_word' id='word_1_284' title='bbox 774 4179 937 4261; x_wconf 88' lang='lat' dir='ltr'><strong>perspicis,</strong></span> <span class='ocrx_word' id='word_1_285' title='bbox 963 4181 1141 4243; x_wconf 86' lang='lat' dir='ltr'><strong>venerabilis</strong></span> <span class='ocrx_word' id='word_1_286' title='bbox 1161 4181 1265 4254; x_wconf 88' lang='lat' dir='ltr'><strong>frater,</strong></span> <span class='ocrx_word' id='word_1_287' title='bbox 1284 4195 1380 4257; x_wconf 88' lang='lat' dir='ltr'><strong>quarn</strong></span> 
     </span>
     <span class='ocr_line' id='line_1_37' title="bbox 222 4271 1380 4358; baseline 0.008 -31"><span class='ocrx_word' id='word_1_288' title='bbox 222 4275 314 4345; x_wconf 74' lang='lat' dir='ltr'><strong>grate</strong></span> <span class='ocrx_word' id='word_1_289' title='bbox 327 4271 419 4332; x_wconf 90' lang='lat' dir='ltr'><strong>Nobis</strong></span> <span class='ocrx_word' id='word_1_290' title='bbox 433 4277 524 4352; x_wconf 88' lang='lat' dir='ltr'><strong>atque</strong></span> <span class='ocrx_word' id='word_1_291' title='bbox 541 4281 672 4353; x_wconf 72' lang='lat' dir='ltr'><strong>accepta</strong></span> <span class='ocrx_word' id='word_1_292' title='bbox 685 4293 733 4337; x_wconf 91' lang='lat' dir='ltr'><strong>res</strong></span> <span class='ocrx_word' id='word_1_293' title='bbox 747 4273 873 4355; x_wconf 91' lang='lat' dir='ltr'><strong>fuerint,</strong></span> <span class='ocrx_word' id='word_1_294' title='bbox 889 4279 1054 4358; x_wconf 89' lang='lat' dir='ltr'><strong>quantique</strong></span> <span class='ocrx_word' id='word_1_295' title='bbox 1068 4285 1098 4339; x_wconf 89' lang='lat' dir='ltr'><strong>te</strong></span> <span class='ocrx_word' id='word_1_296' title='bbox 1113 4277 1153 4340; x_wconf 93' lang='lat' dir='ltr'><strong>ob</strong></span> <span class='ocrx_word' id='word_1_297' title='bbox 1169 4273 1288 4354; x_wconf 77' lang='lat' dir='ltr'><strong>egregia</strong></span> <span class='ocrx_word' id='word_1_298' title='bbox 1310 4291 1380 4336; x_wconf 79' lang='lat' dir='ltr'><strong>ma-</strong></span> 
     </span>
     <span class='ocr_line' id='line_1_38' title="bbox 222 4365 1381 4454; baseline 0.007 -28"><span class='ocrx_word' id='word_1_299' title='bbox 222 4365 282 4426; x_wconf 90' lang='lat' dir='ltr'><strong>rita</strong></span> <span class='ocrx_word' id='word_1_300' title='bbox 304 4373 357 4427; x_wconf 88' lang='lat' dir='ltr'><strong>tna</strong></span> <span class='ocrx_word' id='word_1_301' title='bbox 370 4374 401 4428; x_wconf 89' lang='lat' dir='ltr'><strong>et</strong></span> <span class='ocrx_word' id='word_1_302' title='bbox 418 4370 603 4433; x_wconf 69' lang='lat' dir='ltr'><strong>aestuemus</strong></span> <span class='ocrx_word' id='word_1_303' title='bbox 624 4379 655 4434; x_wconf 91' lang='lat' dir='ltr'><strong>et</strong></span> <span class='ocrx_word' id='word_1_304' title='bbox 675 4372 846 4454; x_wconf 85' lang='lat' dir='ltr'><strong>diligamus.</strong></span> <span class='ocrx_word' id='word_1_305' title='bbox 868 4377 913 4437; x_wconf 84' lang='lat' dir='ltr'><strong>Ac</strong></span> <span class='ocrx_word' id='word_1_306' title='bbox 934 4376 1094 4439; x_wconf 74' lang='lat' dir='ltr'><strong>luculente</strong></span> <span class='ocrx_word' id='word_1_307' title='bbox 1109 4375 1156 4437; x_wconf 81' lang='lat' dir='ltr'><strong>bae</strong></span> <span class='ocrx_word' id='word_1_308' title='bbox 1178 4372 1274 4435; x_wconf 89' lang='lat' dir='ltr'><strong>nostri</strong></span> <span class='ocrx_word' id='word_1_309' title='bbox 1295 4372 1334 4434; x_wconf 86' lang='lat' dir='ltr'><strong>dc</strong></span> <span class='ocrx_word' id='word_1_310' title='bbox 1349 4378 1381 4434; x_wconf 86' lang='lat' dir='ltr'><strong>te</strong></span> 
     </span>
     <span class='ocr_line' id='line_1_39' title="bbox 224 4462 1380 4556; baseline 0.005 -32"><span class='ocrx_word' id='word_1_311' title='bbox 224 4462 316 4526; x_wconf 89' lang='lat' dir='ltr'><strong>animi</strong></span> <span class='ocrx_word' id='word_1_312' title='bbox 334 4463 582 4545; x_wconf 81' lang='lat' dir='ltr'><strong>significationes,</strong></span> <span class='ocrx_word' id='word_1_313' title='bbox 601 4476 635 4532; x_wconf 91' lang='lat' dir='ltr'><strong>nt</strong></span> <span class='ocrx_word' id='word_1_314' title='bbox 649 4477 707 4534; x_wconf 83' lang='lat' dir='ltr'><strong>tuae</strong></span> <span class='ocrx_word' id='word_1_315' title='bbox 721 4471 838 4534; x_wconf 80' lang='lat' dir='ltr'><strong>virtutis</strong></span> <span class='ocrx_word' id='word_1_316' title='bbox 858 4473 978 4536; x_wconf 89' lang='lat' dir='ltr'><strong>interim</strong></span> <span class='ocrx_word' id='word_1_317' title='bbox 997 4493 1061 4537; x_wconf 85' lang='lat' dir='ltr'><strong>esse</strong></span> <span class='ocrx_word' id='word_1_318' title='bbox 1083 4470 1209 4556; x_wconf 81' lang='lat' dir='ltr'><strong>praemio</strong></span> <span class='ocrx_word' id='word_1_319' title='bbox 1231 4477 1380 4554; x_wconf 79' lang='lat' dir='ltr'><strong>possunt,</strong></span> 
     </span>
    </p>
   </div>
   <div class='ocr_carea' id='block_1_11' title="bbox 0 0 1607 5354">
    <p class='ocr_par' dir='ltr' id='par_1_11' title="bbox 0 0 1607 5354">
     <span class='ocr_line' id='line_1_40' title="bbox 0 0 1607 5354; baseline 0 0"><span class='ocrx_word' id='word_1_320' title='bbox 0 0 1607 5354; x_wconf 95' lang='lat' dir='ltr'><strong> </strong></span> 
     </span>
    </p>
   </div>
  </div>
 </body>
</html>
