3194 5354
235 483 268 533 78
653 480 855 536 cubitantis
871 484 937 538 XIV

232 580 340 645 nostris
353 580 449 640 verlris
464 589 600 644 accurate
616 584 769 647 vobiscum
784 588 882 666 agenti
897 589 1023 651 libenter
1039 590 1103 652 sitis
1115 593 1336 657 auscultaturi.
1351 599 1384 661 Si

230 696 300 741 earn
317 676 347 736 in
361 676 500 753 modum,
516 679 608 741 Nobis
622 687 653 741 et
669 680 707 743 de
726 688 826 743 vestro
840 684 1004 746 universim
1020 692 1100 749 statu
1113 687 1272 768 sollicitis,
1290 699 1325 753 et
1338 691 1385 753 di-

227 773 349 858 gnitatis
360 781 417 834 tua
432 775 576 873 rationem
591 777 771 840 habentibus
788 780 879 842 alacri
894 783 1079 845 accesseritis
1094 785 1215 863 animo,
1233 793 1305 849 tum
1320 806 1384 870 po-

227 872 376 936 tissimum
389 872 442 935 tali
461 880 558 936 vestro
579 894 719 956 argaeos
743 878 824 959 ipsos
845 880 946 943 studio
967 883 1108 963 preclare
1131 888 1384 968 comprobabitis

225 969 318 1034 Nobis
328 967 444 1031 debitos
456 970 588 1052 obsequii
603 973 632 1036 in
643 975 704 1036 Nos
717 993 753 1036 ac
763 975 960 1041 observantia
967 996 1089 1057 sensus,
1103 988 1135 1043 et
1148 982 1251 1045 mutto
1262 1002 1384 1048 carnu-

225 1066 362 1130 latiorem
379 1061 514 1129 abactis
524 1086 608 1147 eam,
622 1089 684 1151 qua
703 1089 842 1152 argaeos
855 1090 974 1155 semper
993 1075 1124 1154 fuimus,
1140 1084 1308 1159 patemam
1327 1083 1384 1146 ba-

224 1160 422 1226 nevolentiam
444 1173 594 1243 nostram,
616 1166 646 1228 in
666 1167 752 1246 cujus
777 1168 885 1250 pignus
906 1171 1103 1251 apostolicam
1128 1174 1380 1241 benedictionem

223 1263 296 1339 tibi,
311 1259 418 1324 dilecte
427 1262 480 1343 iili,
492 1271 605 1346 tuoque
618 1265 721 1328 inclito
733 1266 829 1328 ordini
840 1276 1030 1348 peramanter
1040 1269 1246 1352 impertimur.
1261 1277 1380 1338 Datum

224 1364 335 1430 Rome,
350 1367 419 1429 etc,
433 1362 481 1422 die
496 1374 511 1422 7
525 1366 635 1444 operitis
651 1373 742 1440 7770,
755 1368 947 1444 pontificatur
960 1350 1058 1429 nonai·
1068 1386 1149 1432 onae
1164 1378 1278 1451 prima

706 1492 889 1507 ...ἡ-..ι-

736 1606 852 1675 LXXI.

631 1763 822 1805 amarentur
844 1762 956 1804 aarum

357 1868 590 1931 sterstturtbo
609 1870 909 1932 Aacflmrlscoro
927 1870 1230 1936 saulsnuacltasl

528 1992 760 2073 CLEMENS
787 1994 917 2072 ΡΑΡΑ
945 1994 1052 2073 XIV.

968 2147 1068 2209 Rom,
1084 2151 1113 2197 18
1125 2149 1209 2211 aprilis
1222 2156 1296 2206 mn

264 2254 466 2324 Venerabilis,
482 2260 539 2314 etc.
556 2253 696 2315 Plurimis
709 2259 740 2314 et
755 2250 929 2313 certissimis
941 2258 1135 2333 perspectum
1146 2252 1243 2318 Nobis
1256 2267 1306 2322 est
1330 2281 1377 2327 ar.

219 2351 371 2438 gumentis
384 2369 450 2431 quea
463 2357 515 2411 tua
529 2351 583 2427 sit,
601 2350 787 2413 Venerabilis
800 2353 916 2426 Frater,
932 2350 963 2411 in
976 2352 1173 2417 commissum
1181 2354 1239 2417 tibi
1250 2376 1374 2443 gregem

220 2450 380 2536 pastoralis
395 2448 468 2509 fides
482 2467 516 2509 ac
530 2447 682 2526 vigilantia
692 2493 700 2523 ,
712 2464 862 2526 quamque
873 2446 1007 2509 sedulam
1020 2466 1112 2511 naves
1121 2469 1249 2532 operam
1262 2455 1300 2519 iis
1311 2477 1375 2521 orn-

220 2552 311 2613 nibus
322 2563 517 2628 quacumque
534 2544 572 2605 ad
586 2545 755 2605 animarum
771 2561 876 2605 curam
893 2544 1192 2629 incolumitatemque
1203 2553 1372 2631 pertinent;

222 2649 345 2713 uberius
353 2654 454 2707 tamen
465 2644 495 2704 in
506 2643 564 2704 hac
578 2641 695 2720 jamdiu
706 2647 847 2721 percepta
857 2639 895 2701 de
905 2642 1066 2705 virtutibus
1077 2644 1137 2706 tuis
1146 2646 1292 2726 opinione
1302 2671 1374 2715 con-

220 2754 381 2816 firmarunt
395 2747 456 2808 Nos
477 2743 582 2805 littere
602 2748 659 2802 tue
672 2738 721 2800 die
743 2738 841 2819 prima
861 2739 959 2811 martii
975 2740 1013 2801 ad
1027 2742 1088 2802 Nos
1109 2741 1201 2822 data,
1216 2745 1374 2829 inquibus

221 2847 379 2911 nobiscum
393 2841 549 2921 diligenter
567 2837 630 2918 agis
647 2835 684 2897 de
703 2834 902 2916 applicatione
915 2835 1011 2898 Missae
1025 2856 1043 2898 a
1057 2839 1210 2920 parochis,
1233 2843 1373 2924 vicariis,

219 2943 386 3023 caterisque
405 2939 575 3001 animarum
598 2950 704 2996 curam
726 2938 794 2995 actu
817 2933 1024 2995 exercentibus
1036 2952 1094 3016 pro
1112 2938 1228 3017 populo
1247 2940 1374 3023 singulis

219 3042 379 3107 dominicis
393 3047 423 3101 et
444 3036 525 3099 lestis
541 3035 646 3097 diebus
658 3029 810 3106 iacienda,
825 3030 1026 3113 expositisque
1039 3032 1282 3102 dubitationibus
1296 3041 1372 3115 tuis,

220 3165 256 3207 ac
275 3143 310 3204 iis
323 3136 550 3202 difficultatibus
564 3152 630 3217 qua
650 3128 865 3193 relaxationem
880 3128 970 3206 hujus
982 3130 1054 3210 legis
1067 3130 1097 3193 in
1116 3135 1268 3197 nonnullis
1285 3137 1373 3199 istius

220 3238 356 3302 dioecesis
368 3235 442 3298 locis
462 3234 516 3294 tibi
535 3230 673 3294 videntur
694 3244 875 3308 exposcere,
890 3226 1025 3306 postulas
1045 3246 1063 3288 a
1084 3229 1243 3315 Nobis,¹ut
1262 3230 1373 3295 iisdem

221 3333 387 3417 apostolica
397 3329 576 3392 auctoritate
586 3326 772 3397 medeamur,
782 3322 897 3403 tibique
902 3322 1076 3385 facultatem
1084 3342 1121 3386 ea
1134 3326 1373 3408 applicationem

220 3450 314 3496 onera
327 3447 384 3511 pro
394 3444 495 3490 rerum
507 3424 683 3487 necessitate
697 3419 849 3484 minuendi
869 3419 1091 3502 reducendiqne
1105 3422 1288 3489 tribuamus.
1303 3429 1375 3489 bla-

219 3544 352 3610 gnopere
363 3521 492 3608 permoti
507 3522 567 3582 Nos
578 3519 690 3581 inimus
700 3518 858 3600 postulatis
870 3517 1044 3597 hujusmodi
1055 3519 1131 3596 tuis,
1149 3521 1232 3601 quod
1243 3530 1275 3585 et
1285 3524 1375 3587 valde

219 3635 249 3690 te
264 3624 457 3705 diligeremus
471 3618 511 3682 ob
525 3616 635 3679 eximia
650 3623 703 3678 tua
714 3616 744 3677 in
757 3615 818 3676 Nos
832 3615 946 3691 studia,
962 3632 998 3676 ac
1009 3615 1193 3696 singularem
1207 3618 1238 3680 in
1253 3630 1377 3702 aposto-

220 3726 310 3787 licam
321 3724 401 3785 banc
411 3719 520 3783 eedem
541 3714 780 3791 observantiam,
794 3721 825 3775 et
836 3714 998 3795 plurimam
1011 3713 1183 3778 habendam
1201 3734 1269 3781 esse
1282 3720 1377 3801 Epis·-

219 3822 334 3903 copalis
355 3828 419 3883 tarn
429 3817 553 3898 egregia
576 3813 780 3878 sollicitudinis
793 3821 851 3875 tua
866 3832 884 3875 a
902 3813 995 3875 Nobis
1015 3813 1164 3875 rationem
1177 3814 1373 3883 duceremus.
1458 3804 1462 3813 ¹

219 3925 301 3984 Tuas
315 3917 440 4001 proinde
455 3917 484 3979 in
500 3918 561 3977 Nos
578 3913 726 3995 eiusmodi
746 3931 836 3975 curas
848 3912 1043 3994 suscipientes
1058 3915 1284 3980 accuratissime
1299 3936 1381 4002 pera

219 4019 338 4102 quirere
353 4014 520 4090 voluimus,
537 4014 560 4075 si
574 4032 635 4094 quo
655 4012 748 4076 modo
761 4029 917 4093 possemus
936 4011 1071 4072 animum
1087 4019 1224 4076 nostrum
1238 4013 1278 4075 ad
1291 4033 1379 4096 prrs-

220 4119 361 4181 standum
381 4113 464 4196 quod
481 4121 544 4175 tarn
558 4113 644 4174 enixe
657 4111 750 4193 petis,
773 4110 887 4191 tibique
899 4108 1129 4189 gratificandum
1142 4109 1296 4173 inducere.
1311 4114 1379 4180 Sed

221 4218 307 4279 lacile
324 4216 427 4280 statim
439 4212 608 4297 perspicere
621 4210 713 4274 Nobis
730 4208 788 4270 luit
807 4208 879 4289 quid
892 4207 1038 4289 pontificii
1058 4207 1191 4270 muneris
1202 4208 1380 4289 postularet

221 4316 309 4392 ratio,
323 4334 384 4396 qua
394 4314 502 4377 divinis
513 4311 656 4375 inherere
664 4306 837 4390 preceptis,
848 4324 949 4369 sacras
960 4304 1176 4367 canonicarum
1190 4305 1294 4386 legum
1305 4326 1378 4372 cus-

220 4411 318 4474 todire
331 4413 516 4484 sanctiones,
535 4429 570 4472 nc
582 4406 834 4489 pradeoessoaun
848 4411 1021 4466 nostrorum
1034 4403 1155 4466 decreta
1172 4405 1251 4466 tueri
1263 4424 1301 4468 ac
1312 4426 1379 4471 ser-

223 4530 292 4574 rare
313 4512 460 4592 praecipue
489 4504 731 4586 constringimur.
758 4505 855 4584 Atque
876 4503 939 4586 bec
961 4501 1084 4582 quidem
1110 4502 1376 4581 quemadmodum
