3194 5354
763 466 967 521 euauunrrs
985 466 1051 520 xrv

851 626 990 695 CXLIV.

740 782 935 824 vunauxmnr
959 782 1070 823 raxam

546 879 712 940 Josupuo
732 879 1035 940 ARCHIEPISCOPO
1056 878 1264 940 COLOCENSl

645 1002 877 1080 CLEMENS
905 1003 1032 1078 PAPA
1060 1001 1167 1078 XIV.

1113 1152 1210 1210 Roma.
1222 1151 1321 1212 aarum
1336 1155 1403 1202 1771.

378 1257 576 1327 Venerabilis,
589 1263 645 1318 etc.
659 1259 793 1320 Patemae
806 1258 940 1334 caritati,
950 1272 1011 1337 qua
1022 1254 1129 1316 Christi
1141 1254 1246 1316 lideles
1258 1273 1364 1318 omnes
1379 1256 1410 1318 iu
1424 1259 1484 1319 lto-

331 1353 416 1414 mino
425 1352 667 1433 complectimur,
686 1354 757 1415 illud
770 1354 901 1415 maxime
912 1359 1148 1415 consentaneum
1166 1350 1295 1428 ridetur,
1308 1358 1342 1413 ut
1353 1369 1481 1413 eorum·

331 1450 402 1511 dem
415 1451 628 1531 temporalium
641 1452 733 1513 etiam
752 1451 982 1513 commodorum
1003 1450 1150 1512 rationem
1168 1448 1352 1528 habeamus,
1371 1450 1482 1530 quibus

333 1551 498 1632 praesertim
521 1551 561 1612 illi
578 1551 616 1613 ad
631 1551 796 1631 spiritualia
813 1549 1013 1613 oouseetanda
1035 1549 1100 1609 fieri
1125 1547 1334 1629 propensiores
1350 1548 1481 1610 alacrio-

332 1664 439 1726 resque
447 1647 577 1728 possint,
590 1654 717 1728 utraque
727 1646 809 1709 enim
819 1647 860 1708 ita
869 1645 1008 1727 componi
1018 1652 1049 1706 et
1059 1644 1200 1706 constitui
1210 1644 1331 1721 debent,
1343 1652 1377 1706 ut
1386 1645 1481 1706 altera

332 1743 437 1805 obesse
453 1744 554 1806 alteris
567 1753 726 1825 nequeant,
741 1744 794 1807 sed
807 1752 913 1807 mutua
927 1745 1003 1805 inter
1016 1761 1049 1804 se
1059 1742 1291 1824 temperatione,
1302 1742 1403 1823 quoad
1415 1742 1479 1804 lieri

332 1844 448 1919 potest,
463 1839 594 1901 maxime
615 1841 829 1921 provehantur.
853 1844 1041 1922 Quapropter
1056 1839 1110 1900 etsi
1125 1839 1276 1920 praeoipue
1289 1838 1326 1900 ad
1340 1838 1479 1900 divinum

331 1939 448 2001 cultum
458 1986 466 2017 ,
483 1940 711 2021 animarumque
728 1941 856 2002 salutem
876 1945 979 2000 nostra
1003 1936 1167 2018 apostolici
1189 1936 1344 1998 ministerii
1363 1936 1481 1997 sollici-

331 2039 405 2101 tudo
418 2059 563 2103 conversa
577 2040 633 2117 sit,
647 2047 748 2102 tamen
762 2037 912 2100 interdum
931 2054 967 2097 ex
981 2035 1105 2096 minime
1119 2034 1254 2114 neglecta
1265 2033 1479 2115 temporalium

330 2153 434 2196 rerum
447 2136 672 2218 opportunitate
685 2154 746 2197 non
757 2136 857 2197 solum
870 2132 1100 2214 impedimenta,
1111 2131 1135 2192 si
1146 2148 1207 2211 qua
1216 2132 1286 2207 sint,
1300 2129 1412 2207 averti,
1427 2130 1479 2192 sed

330 2238 360 2291 et
373 2234 469 2295 multo
480 2234 599 2314 potiora
620 2233 658 2294 ad
673 2251 743 2294 eum
756 2233 847 2293 linem
858 2230 1031 2309 adjumenta
1044 2230 1214 2309 comparari
1228 2247 1317 2310 posse
1327 2231 1479 2310 ooguosoi-

331 2345 408 2389 mus.
429 2329 481 2391 llis
494 2330 649 2391 inductum
663 2329 829 2391 rationibus
849 2327 900 2390 iel.
918 2345 980 2388 rec.
996 2325 1191 2388 Benedictum
1210 2327 1278 2387 XIV
1291 2326 1478 2406 sapientissi-

330 2442 415 2486 mum
427 2427 676 2507 praedecessorem
687 2434 824 2487 nostrum
836 2426 926 2501 luisse
939 2425 1066 2502 seimus,
1081 2426 1134 2505 qui
1146 2425 1185 2487 ad
1199 2444 1304 2507 preces
1317 2426 1478 2490 carissima·

330 2522 361 2583 in
375 2523 492 2585 Christo
513 2524 580 2585 tiliae
595 2530 705 2584 nostrae
718 2523 819 2584 Mariae
836 2522 985 2584 Theresiae
997 2523 1156 2603 Hungaria
1167 2523 1287 2603 aegina
1299 2526 1479 2606 Apostolioae

330 2637 385 2680 nec
392 2638 451 2681 uon
463 2620 611 2681 Bohemiae
621 2621 740 2699 Regina
747 2619 872 2681 Illustris
883 2620 913 2679 in
921 2621 1126 2680 Romanorum
1136 2622 1363 2700 Imperatrioem
1372 2623 1478 2686 Electa

330 2716 433 2779 Vidua
452 2717 592 2795 indulsit,
607 2725 640 2778 ut
654 2717 756 2779 fideles
771 2718 874 2798 populi
888 2723 973 2778 iatius
994 2725 1126 2780 civitatis
1145 2728 1174 2781 et
1192 2721 1326 2783 rimosis
1350 2722 1478 2803 quibus-

329 2813 400 2876 dam
412 2815 524 2877 festivis
542 2815 648 2876 diebus
662 2820 779 2876 servato
792 2815 823 2875 in
833 2813 1010 2876 eorumdem
1028 2815 1173 2878 lestomm
1188 2817 1310 2897 vigiliis,
1326 2820 1477 2901 inquibus

327 2922 512 2994 praeceptum
527 2920 607 2989 erat,
620 2911 750 2991 jejunio,
770 2931 806 2973 ao
827 2912 928 2973 audita
943 2918 1059 2973 tantum
1075 2913 1104 2974 in
1127 2914 1234 2976 iisdem
1252 2916 1349 2978 Fastis
1369 2917 1474 2989 Missa,

328 3011 486 3074 laboriosis
506 3030 629 3074 suarum
657 3011 767 3073 artium
794 3010 1072 3087 exercitationibus,
1101 3013 1316 3094 servilibusque
1336 3014 1477 3096 operibus

327 3129 436 3172 vacare
450 3119 584 3192 possent.
609 3108 667 3170 Sed
687 3127 724 3170 ex
743 3108 849 3170 eadem
870 3108 1091 3188 dispensatione
1115 3110 1187 3172 illud
1204 3111 1382 3192 postmodo,
1399 3112 1501 3175 aaut·

328 3209 515 3289 accepimus,
535 3208 667 3269 evenisse
687 3206 906 3287 deprehensum
920 3213 980 3281 est,
1003 3214 1037 3267 ut
1052 3207 1099 3269 alii
1118 3209 1148 3269 in
1169 3227 1224 3271 suo
1246 3209 1372 3272 artilioio
1385 3208 1476 3270 nimis

328 3305 467 3385 occupati
476 3311 659 3385 praeceptum
670 3303 808 3364 audiendi
820 3303 942 3365 Missam
953 3305 1077 3366 omnino
1089 3306 1286 3388 negligerent,
1300 3306 1349 3369 alii
1358 3323 1427 3367 vero
1437 3325 1475 3367 ea

295 3420 297 3427 ¹
328 3400 509 3480 obligatione
520 3399 677 3478 jejunandi
688 3399 718 3460 in
732 3399 854 3478 vigiliis,
869 3407 900 3462 et
913 3400 1051 3462 audiendi
1064 3421 1185 3465 sacrum
1199 3404 1322 3468 infestis
1335 3404 1475 3467 ooousio-

328 3517 397 3560 uem
411 3506 552 3580 caperent
565 3518 583 3560 a
594 3497 747 3560 laboribus
759 3497 943 3577 abstinendi,
956 3507 987 3561 et
999 3500 1062 3561 otio
1075 3500 1259 3583 indulgendi.
1273 3504 1341 3578 Qua
1354 3502 1476 3565 iucom-

327 3596 418 3659 moda
430 3614 611 3678 agnoscens,
627 3615 662 3657 ao
674 3613 751 3676 agre
768 3594 865 3658 serens
878 3597 984 3659 eadem
996 3597 1151 3661 carissima
1163 3598 1193 3660 in
1208 3598 1397 3662 Christofilia
1407 3617 1476 3661 nos-

326 3701 373 3755 tra
384 3714 439 3774 pro
450 3714 487 3757 ea
498 3701 613 3775 quaest
622 3693 653 3755 in
664 3695 760 3755 Deum
769 3692 881 3775 pietate
890 3739 899 3772 ,
910 3711 945 3756 ao
956 3693 986 3754 iu
996 3695 1146 3773 subiectos
1156 3695 1212 3756 sibi
1223 3695 1353 3781 populos
1362 3694 1473 3773 studio,

326 3791 447 3853 obviam
461 3792 567 3854 iisdem
579 3792 623 3854 ire
636 3809 717 3853 nuno
728 3790 849 3868 statuit,
865 3791 1050 3873 proindeque
1063 3811 1081 3854 a
1094 3792 1188 3855 Nobis
1198 3793 1285 3855 enixe
1298 3792 1429 3874 flagito,
1442 3801 1475 3855 ut

324 3886 448 3948 eosdem
463 3888 569 3949 Christi
583 3889 686 3950 fideles
699 3889 791 3951 etiam
804 3897 983 3971 apraeoepto
992 3889 1147 3968 jejunandi
1162 3897 1193 3952 et
1201 3890 1342 3954 audiendi
1352 3889 1475 3953 Missam

326 3984 363 4046 iis
377 3984 498 4060 diebus,
513 3985 622 4064 quibus
636 3986 719 4066 operi
738 4004 846 4048 vacare
865 3987 1061 4067 permittitur,
1081 3988 1194 4049 solutos
1214 4006 1280 4049 esse
1300 3987 1476 4069 Apostolica

326 4083 505 4145 auctoritate
520 4082 656 4143 velimus.
682 4085 741 4144 Nos
757 4084 845 4163 igitur
860 4082 995 4163 ejusdem
1019 4086 1113 4163 votis,
1128 4093 1275 4166 quantum
1299 4085 1330 4146 iu
1346 4084 1476 4146 Domino

324 4199 486 4259 possumus
495 4178 739 4261 obsequendum,
753 4189 783 4242 et
793 4182 973 4263 populorum
984 4183 1175 4245 eonscientiae
1183 4180 1401 4246 oonsuleudum
1410 4200 1476 4245 osse

323 4278 508 4357 judicantes,
524 4277 716 4341 Fraternitati
738 4287 797 4341 tuae
816 4280 1034 4343 committimus
1055 4300 1090 4342 ao
1108 4280 1304 4357 mandamus,
1317 4285 1353 4340 ut
1368 4284 1404 4341 in
1418 4284 1476 4341 tato

326 4382 448 4438 civitate
469 4399 503 4438 oc
517 4380 636 4439 diaecesi
658 4386 710 4438 lua
730 4379 898 4467 Austriaeoe
921 4381 1037 4440 Ditioni
1056 4381 1209 4457 subjectis,
1225 4379 1305 4441 hana
1325 4377 1418 4439 aliam
1437 4375 1474 4437 de

327 4475 408 4537 festis
422 4474 528 4536 diebus
543 4479 653 4555 legem,
674 4477 701 4536 in
723 4494 815 4554 quam
830 4483 950 4536 maturo
973 4477 1113 4556 oonsilio,
1130 4495 1165 4538 ac
1186 4475 1324 4557 expensis
1335 4474 1475 4537 onmibus
