3194 5354
224 517 241 566 a
652 509 854 565 CLEMENTlS
872 510 938 563 xlv

222 615 303 696 qnod
325 615 354 677 in
371 621 401 677 te
416 615 550 676 conlerre
571 631 630 675 non
642 614 836 675 libentissime
849 615 1017 695 cupiamus.
1034 614 1155 674 lnterim
1167 614 1369 678 certisslmum

223 712 317 774 nostri
333 712 361 773 in
375 719 405 773 te
411 702 531 774 bmoris
544 711 653 792 pignus
669 710 865 791 apostolicam
878 711 1118 773 benedictionem
1129 709 1195 786 tibi,
1208 710 1314 773 dilecte
1325 712 1368 773 fili

223 811 331 872 nobilis
363 810 418 886 vir,
448 828 484 871 ac
510 809 701 890 amplissimae
731 808 834 871 domni
867 815 925 871 ture
950 813 1141 889 peramanter
1166 807 1367 888 impertimur.

223 911 337 971 Datum
357 911 473 987 Romae,
493 918 563 986 etc,
581 910 629 971 dte
646 914 749 988 pomo
760 911 839 986 julii
862 919 948 985 ttae,
962 910 1157 987 pontificatu
1174 912 1269 970 nostra·
1287 926 1369 971 anno

222 1014 330 1093 primo.
716 1022 719 1027 ’

701 1118 883 1131 -μῄ

625 1191 628 1195 ’
749 1219 835 1289 nn.

596 1385 730 1429 DlLEC'IO
763 1387 845 1429 mlo
877 1385 994 1429 nosno

609 1508 812 1568 STEPHANO
826 1506 981 1567 nunno

348 1641 452 1690 ulrum
476 1640 602 1689 SANOE'AE
623 1641 755 1689 annulus
775 1639 879 1689 EXTRA
899 1638 1007 1691 MUROS
1030 1638 1236 1688 praesumtio

514 1755 540 1799 S.
568 1752 598 1799 R.
624 1752 651 1798 E.
677 1752 847 1800 cannluaul
873 1754 913 1800 DE
936 1752 1075 1800 GESURES

532 1873 765 1957 CLEMENS
793 1877 920 1959 ΡΑΡΑ
948 1875 1055 1955 xlv,

1013 2061 1108 2118 Rome,
1124 2066 1138 2109 5
1152 2058 1204 2120 iulii
1218 2063 1287 2110 truta

264 2168 394 2237 Dilecto,
418 2174 472 2228 etc.
497 2165 583 2240 Quod
596 2166 733 2228 scribisa
753 2167 881 2228 Domino
899 2166 1013 2229 lactum
1033 2184 1097 2228 csse
1112 2165 1204 2241 istud,
1231 2171 1265 2226 ut
1286 2166 1366 2227 Petri

220 2263 364 2326 naviculae
391 2263 439 2325 his
463 2263 649 2344 temporibus
676 2263 813 2344 regendae
838 2264 931 2329 Nobis
961 2265 1158 2329 commissum
1178 2263 1217 2325 sit
1240 2281 1365 2341 munus,

223 2361 284 2421 Nos
298 2361 354 2440 ipsi
368 2378 431 2442 prae
444 2361 559 2422 caeteris
573 2361 775 2440 agnoscimus,
791 2379 862 2422 cnm
882 2361 972 2424 nullis
992 2360 1105 2423 meritis
1124 2360 1250 2437 nostris,
1275 2361 1364 2423 nullis

220 2475 345 2539 prorsus
369 2458 487 2531 viribus¹
502 2456 587 2518 inniti
612 2457 773 2518 valeamus
799 2458 858 2519 Sed
879 2459 993 2539 ipsum,
1015 2458 1066 2539 qui
1088 2458 1178 2538 coepit
1199 2475 1276 2538 opus
1300 2477 1365 2520 esse

222 2574 309 2616 suum
330 2554 532 2637 perlectorum
557 2552 681 2616 minime
696 2553 891 2634 ambigimus,
919 2574 954 2617 ac
973 2561 1076 2618 nostra
1096 2554 1223 2618 consilia
1243 2557 1364 2632 omnia,

222 2659 313 2733 atquc
333 2654 466 2716 actiones
487 2655 528 2714 ita
547 2652 731 2715 directurum
742 2700 750 2731 ,
772 2659 807 2715 nt
819 2653 925 2733 etipse
942 2652 1069 2733 gloriam
1090 2658 1180 2732 atque
1198 2653 1364 2725 honorem,

220 2750 355 2811 Ecclesia
381 2770 436 2813 sna
458 2750 550 2812 decus
573 2757 663 2830 atque
681 2750 841 2812 utilitatem
865 2756 1076 2830 consequatur.
1104 2748 1137 2809 ld
1160 2751 1221 2811 Nos
1244 2750 1366 2831 quidem

220 2845 406 2909 effusissimis
425 2848 565 2929 precibus
577 2848 616 2909 ab
637 2866 674 2909 eo
697 2848 858 2929 impetrare
869 2847 1002 2929 quotidie
1013 2845 1239 2922 contendimus,
1255 2846 1286 2908 id
1299 2847 1366 2928 pios

220 2962 326 3007 omnes
336 2935 510 3026 coniunctis
531 2945 608 3009 votis
626 2944 788 3026 efflagitare
806 2947 954 3023 laetamur,
969 2944 999 3006 id
1017 2963 1034 3005 a
1057 2952 1106 3021 te,
1121 2943 1229 3007 dilecte
1241 2945 1283 3006 fili
1296 2963 1366 3008 nos·

220 3052 276 3123 ter,
291 3047 424 3132 praestari
448 3066 503 3129 pro
522 3054 575 3109 tua
588 3046 648 3110 lide
664 3065 700 3109 ac
718 3045 830 3129 pietate
843 3065 905 3109 non
924 3044 1108 3106 dubitamus.
1126 3042 1213 3117 Quod
1224 3042 1313 3123 igitur
1335 3052 1368 3106 et

220 3141 293 3204 lacis
314 3151 347 3205 ut
367 3145 474 3221 debes,
492 3151 522 3207 et
547 3151 577 3206 te
597 3144 795 3226 imposterum
821 3143 973 3206 lucturum
994 3160 1059 3203 esse
1079 3139 1244 3221 polliceris,
1274 3141 1303 3200 in
1327 3159 1365 3201 eo

220 3239 417 3320 perspicimus
433 3247 520 3300 tunm
542 3258 613 3318 erga
629 3241 690 3300 Nos
711 3239 844 3301 studium
858 3257 929 3301 cum
949 3237 1031 3299 filiali
1048 3237 1177 3318 plurima
1196 3252 1267 3316 erga
1286 3236 1366 3299 bane

220 3334 417 3415 apostolicam
431 3333 532 3396 sedem
547 3334 736 3396 observantia
752 3335 959 3412 conjunctum.
972 3335 1057 3396 Hanc
1071 3333 1160 3415 igitur
1179 3334 1365 3398 volunt-atem

221 3439 320 3509 tuam
335 3433 400 3494 haee
414 3432 443 3492 in
460 3433 521 3493 Nos
533 3429 633 3492 cilicia
647 3450 665 3492 a
678 3437 708 3492 te
720 3430 876 3511 diligenter
889 3432 1022 3513 praestita
1033 3433 1075 3494 ita
1093 3433 1259 3514 excipimus
1277 3440 1311 3495 nt
1322 3435 1367 3496 ni-

219 3530 261 3592 lril
279 3529 374 3610 magis
388 3535 544 3611 optemus,
563 3547 654 3609 qnam
675 3530 775 3591 locum
795 3529 860 3591 dari
880 3531 967 3593 nobis
988 3529 1120 3611 aliquem
1140 3530 1365 3611 propensissimi

219 3631 312 3692 nostri
330 3629 459 3693 vicissim
480 3629 511 3692 in
525 3635 555 3690 te
568 3628 684 3709 paterni
697 3628 788 3690 animi
803 3628 857 3691 tibi
877 3629 977 3709 reipsa
990 3628 1172 3690 declarandi.
1193 3628 1315 3691 lnterim
1334 3629 1365 3690 in

217 3728 379 3808 pontificia
398 3747 469 3808 erga
482 3734 513 3790 te
532 3726 691 3808 peculiaris
703 3726 917 3788 benevolentia
936 3725 1044 3805 pignus
1059 3725 1255 3806 apostolicam
1268 3726 1365 3788 bene-

217 3822 380 3887 dictionem
401 3825 473 3902 tibi,
495 3824 601 3886 dilecte
614 3823 655 3886 lili
678 3830 793 3899 noster,
816 3828 1006 3904 peramanter
1026 3822 1225 3903 impertimur.
1249 3825 1363 3886 Datum

219 3924 330 3992 Rome,
347 3929 404 3984 etc.
414 3966 423 3999 ,
435 3922 484 3983 die
497 3933 513 3983 5
521 3923 597 4000 jalo·
612 3932 704 3999 1769,
717 3923 913 4000 pontificante
933 3925 1030 3981 nostri
1040 3938 1120 3982 uano
1139 3926 1249 3999 primo.

253 4047 354 4105 Eodem
364 4041 425 4104 scre
436 4045 518 4104 modo
528 4045 637 4118 ltoysio
650 4041 829 4102 Constantino
842 4043 869 4097 S.
878 4043 913 4096 ll.
929 4043 960 4096 E.
970 4041 1124 4114 presbytero
1133 4043 1207 4101 card.
1219 4042 1254 4100 de
1264 4043 1363 4100 Roban

218 4150 268 4207 epo
283 4134 471 4208 argentinensi
475 4174 538 4189 ......
559 4132 603 4190 die
623 4138 658 4188 28
675 4130 764 4203 junii3
777 4129 876 4185 loanni
888 4131 1044 4187 Frensoiseo
1056 4132 1175 4204 Josepho
1192 4132 1244 4188 Tit.
1265 4133 1292 4186 S.
1308 4135 1363 4188 Eu·

218 4222 282 4283 selrii
295 4225 447 4298 presbytero
458 4226 485 4282 S.
501 4228 535 4282 ll.
550 4227 581 4281 E.
596 4221 671 4279 eard.
681 4219 934 4278 dellocbovartio...
950 4229 977 4277 at
989 4220 1120 4281 cardinali
1138 4221 1174 4279 de
1187 4219 1324 4283 Choiseul,
