3194 5354
329 510 381 559 206
760 499 964 553 insumus·
983 499 1047 552 xlv

328 607 471 669 firmabit.
497 608 625 666 ttemum
648 605 677 663 iu
700 604 827 663 ruistis
851 602 1066 663 benedictionis
1089 603 1255 684 auspicium
1280 605 1479 685 apostolicam

327 703 567 766 benedictionem
576 702 643 776 tibi,
654 710 771 781 tueque
780 699 913 780 conjugi,
925 699 1032 762 dilecte
1044 701 1086 762 tili
1101 701 1209 763 nobilis
1218 702 1275 778 vir,
1286 711 1480 784 peramanter

327 801 527 882 impertimur.
543 802 654 861 orrum
667 801 778 866 Rome,
790 805 861 868 ele„
874 810 892 858 ⁵
898 798 1051 876 februis·
1067 812 1154 874 tm,
1165 803 1362 879 pontificales
1379 809 1478 864 noem

325 918 407 960 oeno
423 903 519 959 tertio.

798 1082 1002 1151 mxxxiii.

731 1228 921 1274 veremini
947 1228 1060 1272 runs

526 1329 746 1389 fflrromt)
766 1330 951 1390 Ertsooro
971 1328 1281 1391 snsooafflnnst

631 1441 868 1521 CLEMENS
894 1442 1024 1520 PAPA
1039 1440 1159 1520 xlv.

1075 1584 1170 1644 Rome,
1185 1580 1326 1634 tlebruarli
1342 1586 1411 1636 1772.

366 1683 565 1753 Venerabilis,
578 1690 636 1744 ele.
658 1681 770 1743 Retulit
788 1679 882 1743 Nobis
898 1680 1028 1744 dilectus
1047 1678 1127 1743 tilius
1147 1687 1249 1743 noster
1268 1676 1477 1745 Ferdinsndus

322 1780 417 1843 Maria
430 1781 462 1841 S.
479 1780 516 1840 lt.
527 1781 563 1841 Ε.
580 1779 739 1859 Presbyter
752 1776 959 1842 cardmalisde
970 1777 1081 1842 itubeis
1097 1778 1341 1860 congregation
1348 1780 1475 1842 Coneilii

320 1886 485 1951 Tridentini
495 1885 665 1967 interpretis
682 1885 855 1960 Preleetus,
869 1904 936 1965 qua
948 1891 997 1962 tu,
1012 1881 1199 1944 Venerabilis
1213 1882 1330 1959 Frater,
1340 1879 1372 1943 in
1388 1882 1476 1964 epis-

321 1986 401 2063 tola,
413 2003 474 2065 qua
496 1983 582 2045 istius
606 1983 740 2046 dtoeoeas
761 1989 875 2044 statum
894 1981 993 2044 eidem
1014 1979 1238 2060 oougregationi
1257 1977 1297 2041 de
1315 1997 1399 2041 more
1416 1978 1476 2043 de-

320 2081 480 2162 scripsisti,
495 2098 557 2141 uon
571 2079 671 2141 solum
681 2078 874 2147 vehementer
887 2087 1024 2159 exoptas,
1036 2075 1089 2138 sed
1105 2093 1298 2156 summopere
1310 2074 1404 2138 etiam
1416 2074 1476 2137 ba-

319 2178 413 2257 gitas,
430 2185 464 2239 ut
479 2196 536 2239 nos
552 2175 665 2239 seilicet
681 2175 786 2238 habita
799 2175 915 2237 rabone
936 2181 967 2236 et
981 2173 1086 2252 etatis,
1105 2180 1136 2235 et
1150 2169 1330 2234 valetudinis
1351 2178 1412 2234 tue
1424 2170 1475 2233 di-

320 2273 398 2335 mitti
415 2294 433 2334 a
449 2283 479 2335 te
498 2273 707 2355 episcopetum
720 2274 872 2349 sinamus,
887 2271 1039 2352 aliumque
1061 2270 1171 2333 sinenti
1191 2270 1262 2349 tibi,
1280 2290 1316 2332 ae
1330 2270 1362 2332 in
1375 2270 1472 2334 otium

318 2371 468 2433 recedenti
479 2389 685 2433 successorem
698 2369 737 2432 ad
747 2371 838 2432 istam
851 2367 1014 2450 regendam
1025 2367 1185 2431 eeclesiam
1198 2364 1379 2449 deligamus.
1391 2370 1473 2432 Tuas

321 2469 403 2550 apud
423 2470 484 2530 Nos
501 2469 562 2548 egit
574 2468 624 2530 ille
633 2476 750 2548 partes,
762 2467 867 2529 sedita
880 2467 951 2548 egit,
966 2475 999 2529 ut
1015 2464 1276 2548 quemadmodum
1288 2464 1395 2528 debuit
1406 2486 1473 2549 qm

319 2585 375 2627 sua
397 2571 476 2627 esset
496 2565 555 2626 bae
568 2565 606 2626 de
622 2584 666 2642 re,
688 2565 786 2646 deque
804 2565 890 2625 istius
911 2563 1060 2626 Dominici
1072 2563 1170 2644 gregis
1183 2563 1312 2626 utilitate
1325 2565 1473 2626 sententia

317 2661 475 2744 perspicue
488 2669 687 2742 securateque
705 2662 884 2723 declararet.
902 2664 948 2724 Ea
960 2662 1075 2737 omnia,
1094 2681 1162 2743 quae
1176 2661 1270 2724 Nobis
1284 2680 1404 2744 semper
1414 2680 1473 2724 en-

317 2765 369 2821 tes
381 2765 541 2840 perspecta
552 2757 591 2819 de
604 2767 635 2820 te
645 2767 746 2836 erant,
761 2758 859 2840 deque
873 2778 935 2820 uon
947 2759 1124 2822 intermissis
1142 2769 1200 2821 ture
1211 2760 1372 2841 pastoralis
1384 2756 1472 2823 solli-

317 2854 468 2934 citudinis,
483 2856 657 2937 u'gilantie,
680 2857 814 2920 caritatis
833 2858 988 2921 laboribus
1012 2878 1083 2920 oum
1102 2857 1224 2921 abunde
1244 2858 1470 2933 confirmasset,
1534 2869 1539 2879 '

315 2954 408 3033 gavisi
426 2972 498 3016 sane
510 2974 632 3034 sumus,
647 2956 832 3018 Venerabilis
848 2957 965 3035 Frater,
980 2957 1105 3019 lemare
1114 2957 1177 3018 Nos
1191 2957 1319 3035 debere,
1332 2954 1472 3039 postula-

317 3058 382 3114 tum
402 3051 433 3114 id
454 3058 560 3129 tuum,
583 3053 682 3115 eidem
694 3071 766 3114 sero
780 3052 950 3114 consentire
965 3072 1028 3116 uon
1044 3053 1165 3115 debere.
1187 3057 1234 3116 Tu
1251 3056 1417 3118 enimcum
1428 3056 1472 3118 al·

314 3150 411 3212 fectus
424 3149 650 3231 debilitatesque
663 3150 798 3232 eorporis
817 3152 861 3212 tui
879 3151 958 3213 vires
970 3169 1035 3212 esse
1046 3151 1112 3229 jam
1129 3151 1242 3214 sentias
1250 3198 1260 3230 ,
1280 3171 1337 3234 pro
1350 3151 1470 3233 egregio

316 3247 346 3308 in
362 3245 558 3308 commissum
572 3246 626 3307 tibi
642 3248 790 3328 populum
812 3246 910 3310 studio
928 3246 1014 3309 valde
1025 3247 1151 3325 vereris,
1170 3267 1208 3310 ue
1221 3248 1417 3329 quidideiroo
1427 3247 1468 3310 do

316 3341 479 3422 episcopali
493 3341 651 3404 sedulitate
667 3350 757 3424 atque
770 3361 874 3425 opera,
890 3344 974 3425 quod
984 3350 1125 3425 prestare
1138 3345 1330 3409 vehementer
1337 3344 1466 3421 intersit,

316 3436 483 3500 necessario
499 3436 685 3498 debebatur.
708 3439 770 3500 Nos
789 3457 862 3503 vero
878 3440 952 3503 illud
971 3438 1121 3523 praecipue
1144 3442 1315 3522 cogimur
1331 3458 1393 3504 nou
1414 3460 1470 3504 eas

315 3554 379 3598 esse
397 3533 602 3598 eoelesiastiee
613 3532 725 3599 militia
736 3536 878 3615 rabones
889 3544 993 3601 utnon
1002 3538 1100 3601 multo
1109 3538 1227 3620 potiora
1242 3538 1334 3602 animi
1344 3539 1467 3615 robore,

314 3651 408 3713 quam
426 3631 562 3714 eorporis
581 3632 698 3714 possint
711 3632 801 3695 effici.
822 3636 926 3716 Neque
944 3634 1027 3696 dubii
1053 3654 1178 3713 sumus,
1198 3636 1272 3717 quin
1291 3637 1331 3698 ed
1352 3637 1467 3718 optime

316 3729 461 3791 tuendum
484 3729 677 3812 episcopatus
703 3749 815 3793 munus
835 3731 902 3815 ipsa
928 3733 1095 3795 multorum
1119 3752 1268 3796 annoriun
1295 3735 1468 3798 exereitatio

315 3827 802 3911 atqueexperientiaeumegregia
811 3829 966 3892 volmtate
975 3822 1466 3912 eoujmctaplurimumconlerat.

314 3924 391 3985 Cum
408 3929 443 3984 tu
460 3922 561 4004 itaque
571 3924 745 4004 hujusmodi
760 3925 921 3988 voluntatis
932 3927 1120 3990 luculentum
1131 3947 1251 4010 semper
1263 3936 1353 3991 antea
1363 3929 1467 4011 speei-

313 4037 385 4082 men
396 4016 528 4097 dederis,
546 4038 677 4102 namque
689 4021 850 4084 diuturnus
864 4021 903 4084 ad
921 4022 1062 4086 uirtutem
1076 4022 1235 4088 aeeeaserit
1257 4040 1360 4089 uerum
1373 4045 1468 4105 usus,

312 4114 386 4196 quid
412 4121 475 4195 est,
492 4116 680 4181 Venerabilis
701 4120 821 4198 Frater,
838 4120 921 4202 quod
940 4122 1078 4204 eorporis
1089 4118 1330 4187 imbeoibitasab
1344 4122 1469 4205 ορίωο-

314 4213 376 4292 pali
387 4233 481 4295 qsera
492 4215 650 4279 detrahere
663 4217 776 4298 possit,
789 4219 873 4300 quod
886 4218 968 4282 idem
981 4238 1044 4283 nou
1058 4216 1295 4285 cumtrlatissime
1314 4216 1409 4285 animi
1422 4222 1469 4286 toi

315 4309 435 4374 solertia
452 4313 673 4395 prudentiaque
688 4319 851 4397 pensetur?
873 4335 964 4397 quem
981 4324 1067 4380 tauto
1080 4324 1218 4401 tempore
1230 4316 1263 4381 in
1280 4314 1340 4380 ista
1354 4314 1468 4383 mode-

314 4404 409 4467 randa
419 4408 541 4472 Dioeeesi
551 4412 688 4476 laborem
697 4413 835 4490 versasti,
850 4412 931 4475 idem
948 4413 1002 4477 tibi
1021 4415 1054 4478 in
1067 4414 1193 4498 proclivi
1212 4408 1465 4497 essejemdebet,

315 4521 411 4586 aeque
423 4523 483 4567 non
494 4507 579 4573 tacite
590 4511 666 4589 geri,
676 4528 767 4590 quem
776 4510 828 4572 diu
835 4511 900 4589 jam
908 4513 1045 4592 gesseris.
1059 4516 1137 4577 Inoo
1149 4512 1253 4597 itaque
1261 4512 1360 4596 gradu
1370 4510 1468 4577 fiden-
