3194 5354
292 494 296 501 ’
348 516 529 580 rarsroara
546 519 593 579 ar
612 519 747 579 araur
767 523 1001 586 srruououa
1199 531 1251 585 aas

102 628 144 691 tili
158 672 166 704 ,
180 628 210 689 iu
221 627 356 705 maedam
370 628 520 708 religionis
531 629 570 690 ab
582 627 642 690 illia
654 630 694 690 ad
708 644 762 691 ros
772 631 953 692 transmissa
962 628 1129 711 integritate
1139 634 1250 695 tuenda

100 743 184 806 aquo
197 741 262 787 msa
277 724 425 786 animatos
442 725 534 787 Nobis
552 733 597 786 est
610 727 896 807 perspectissinnrm.
912 730 1010 802 Qrare
1023 729 1078 790 etsi
1099 729 1251 792 interdum

100 838 203 886 rerum
223 829 393 884 vestrarum
409 828 505 884 status
526 823 669 885 sollicitos
683 826 745 886 Nos
767 824 893 902 habeat,
909 843 944 885 ac
959 843 1132 906 suspensos,
1152 844 1250 910 neque

100 920 170 983 iude
179 917 271 981 divini
278 919 377 981 cultus
385 917 552 981 rationibus
565 920 748 983 detrimenta
754 921 863 983 exoriri
880 920 1014 1002 possint,
1025 924 1251 986 tanranusitate

99 1015 220 1079 virtutis
235 1020 340 1078 vestrm
355 1015 468 1077 fiducia
483 1034 670 1096 recreamur,
686 1019 717 1080 in
733 1036 828 1100 eaque
850 1021 982 1082 maxime
995 1019 1247 1101 conquiescimus.

100 1118 167 1178 llac
186 1115 329 1196 praelata
354 1133 426 1195 spe,
448 1121 538 1195 atque
557 1117 673 1179 eximia
686 1122 792 1179 vestrm
809 1134 880 1198 erga
902 1114 1068 1181 Ecclesiam
1088 1119 1251 1180 noluntatis

100 1211 284 1292 cogitatione
303 1211 431 1272 mirilico
449 1211 641 1274 sublevamur
659 1233 678 1274 a
695 1214 873 1293 gravissima
886 1215 978 1277 animi
993 1215 1087 1278 nostri
1103 1215 1250 1277 sollicitu-

100 1312 172 1374 dine
179 1357 190 1389 ,
200 1329 261 1392 qua
272 1317 432 1393 propterea
444 1310 504 1373 hoc
515 1318 651 1392 tempore
660 1311 816 1392 potissime
826 1311 973 1392 angimur.
982 1312 1058 1375 Cum
1069 1314 1153 1375 enim
1166 1330 1250 1392 mag-

102 1427 214 1490 nopere
240 1425 400 1470 vereamur
421 1425 460 1469 ne
484 1409 536 1488 qui
558 1415 660 1470 motus
678 1404 710 1468 in
729 1408 876 1489 proximis
899 1409 984 1489 regni
1005 1409 1096 1471 vestri
1119 1409 1250 1472 comitiis

100 1524 196 1588 nequa
215 1505 386 1567 molitiones
400 1504 543 1567 adversus
557 1505 669 1566 avitam
680 1504 810 1567 nationis
828 1512 935 1567 vestra
960 1505 1135 1585 religionem
1158 1505 1248 1583 fiant,

100 1618 155 1663 roa
168 1608 277 1682 presto
292 1600 411 1663 laturos
424 1601 551 1677 scimus,
561 1616 742 1682 omnemque
753 1616 877 1682 operam
888 1600 1013 1663 daturos
1027 1601 1066 1664 ad
1076 1599 1250 1682 hujusmodi

99 1696 356 1760 conatusomnino
363 1697 561 1778 repellendos,
575 1695 1051 1779 acproptaraaVenerabilietiam
1063 1698 1158 1761 Fratri
1166 1702 1250 1762 losc-

99 1796 161 1877 pho
172 1797 407 1878 Archiepiacopo
417 1796 517 1877 Beryti
531 1796 682 1858 ordinario
695 1802 799 1859 nostro
807 1796 839 1858 in
848 1797 973 1858 Polouia
985 1796 1102 1860 Nuuoio
1111 1798 1249 1879 praesidia

100 1903 191 1977 atque
201 1895 485 1974 adjumentcomnia
494 1895 689 1976 praestituros.
703 1892 737 1954 ld
747 1893 872 1974 quidem
881 1900 912 1955 ct
920 1911 977 1974 pro
983 1900 1083 1955 vestro
1092 1894 1250 1956 Catholicae

100 1991 253 2071 religionis
273 1990 392 2052 tumida
404 1990 506 2052 officio
520 1998 551 2052 et
570 2007 627 2072 pro
644 1991 784 2071 singulari
803 2007 865 2072 quo
880 1988 1057 2052 inflammati
1071 1991 1142 2052 estis
1158 1990 1249 2052 divini

100 2087 204 2149 cultus
214 2087 322 2149 ardore
334 2104 388 2148 ros
401 2086 618 2149 studiosissime
633 2087 766 2150 tacturos
775 2103 950 2169 speramus,
964 2093 1066 2147 tamen
1079 2092 1113 2146 ut
1124 2103 1250 2148 sammaa

100 2186 273 2247 animorum
299 2194 469 2248 vacuorum
494 2184 641 2247 alacritati
664 2185 764 2266 atiqm
785 2184 877 2246 etiam
898 2202 935 2246 ex
963 2181 1123 2246 Pontificio
1146 2191 1250 2246 nostra

101 2281 312 2345 cohorutionc
333 2283 387 2345 ilat
406 2282 553 2360 accessio,
567 2281 649 2343 idem
662 2281 754 2343 etiarn
771 2298 790 2342 a
808 2278 894 2343 vobis
912 2280 1024 2342 nostris
1045 2278 1130 2342 lrisco
1143 2278 1250 2342 litteris

68 2402 70 2406 ³
98 2395 194 2458 quam
206 2378 338 2440 maxime
355 2394 518 2460 possumus
528 2377 711 2459 expetimus,
727 2384 818 2458 atquo
836 2375 912 2439 adeo
931 2375 1114 2456 flagitamus.
1129 2374 1250 2437 Nullam

100 2492 166 2537 rcm
179 2482 273 2538 nocta
286 2475 367 2539 laudi
379 2483 484 2538 vmtra
496 2475 688 2556 amplissimae
701 2474 836 2537 nationis
856 2473 958 2538 decori
983 2490 1020 2534 ac
1038 2471 1141 2553 gloria
1154 2471 1250 2552 magis

100 2582 345 2653 consentaneam,
359 2576 475 2637 nnllam
488 2573 607 2636 utilitati
615 2580 646 2635 et
657 2573 745 2636 saluti
760 2580 865 2636 vesum
877 2572 975 2653 magis
988 2569 1250 2634 accommodatam

101 2669 198 2732 deria
215 2672 301 2734 robis
319 2689 409 2753 posse
424 2670 610 2748 existimate,
632 2686 725 2752 quam
748 2670 773 2732 si
789 2669 864 2732 nihil
885 2669 1023 2731 imminui
1043 2667 1081 2729 de
1098 2666 1250 2748 religionis

101 2771 206 2830 amira
230 2768 388 2831 sanctitate
417 2776 507 2849 atque
528 2767 698 2848 integritate
721 2766 835 2828 sinatis.
861 2764 967 2827 Divina
988 2762 1084 2846 gloria
1106 2762 1248 2842 cultoque

101 2863 247 2940 tutando,
258 2864 392 2926 divinam
405 2865 478 2926 itern
489 2864 680 2927 clementiam
699 2881 735 2924 ac
752 2863 880 2923 tutelam
899 2877 991 2940 aqua
1004 2860 1069 2921 sola
1087 2871 1247 2938 rognormu

101 2979 265 3042 minorque
282 2963 473 3042 publicarum
491 2960 619 3023 felicitas
636 2960 786 3034 dimanat,
805 2957 891 3018 vobis
915 2954 1099 3016 devincietis.
1124 2950 1250 3015 Miridce

98 3059 193 3119 ctiam
209 3057 319 3118 eximia
336 3066 435 3120 vestra
446 3059 477 3119 in
500 3060 561 3118 llos
579 3073 614 3117 ac
631 3058 661 3117 S.
678 3053 884 3135 apostilicam
899 3054 978 3114 hanc
989 3051 1098 3113 sedern
1120 3050 1247 3128 merita,

98 3161 294 3235 nouumque
307 3155 339 3216 in
352 3173 406 3218 voa
423 3153 661 3217 benevolentiam
680 3150 919 3233 amplificabitis,
939 3157 974 3211 ut
993 3149 1081 3211 nullu
1107 3147 1251 3210 amantis·

100 3250 169 3312 simi
188 3252 322 3332 parasitis
346 3252 375 3313 in
389 3247 522 3333 optimos
536 3252 645 3313 liberos
658 3249 769 3312 amoris
789 3248 1021 3329 significationes
1034 3266 1099 3311 essa
1112 3247 1248 3330 possint,
1287 3276 1290 3281 ⁴

98 3366 177 3427 quas
202 3346 291 3410 vobis
309 3366 371 3410 non
391 3348 585 3411 libentissime
608 3347 706 3410 daturi
730 3346 835 3408 simus.
858 3348 986 3409 Βειιιιιιιι
1008 3347 1039 3407 in
1062 3345 1250 3408 manifestius

100 3443 260 3522 pontificiae
282 3444 312 3505 in
338 3462 392 3506 vos
411 3445 544 3507 caritatis
562 3445 670 3525 pignus
691 3444 887 3525 apostolicam
901 3443 985 3506 vobis
1007 3442 1249 3506 benedictionem

100 3549 292 3621 perimantur
303 3541 503 3623 impertimur.
520 3545 631 3604 Dotem
647 3544 840 3613 Remeato„
853 3545 902 3603 dte
915 3547 1053 3604 amantii
1066 3552 1250 3620 1⁷7³,pon-

102 3643 231 3716 mcum
247 3647 343 3703 aoctrt
354 3661 435 3703 cano
446 3649 562 3721 quarto.

584 3753 757 3765 ——m

608 3848 746 3919 ccxvi.

512 3998 703 4042 vcnanasrcr
727 3999 840 4041 unarar

285 4087 511 4149 CAJETANO
534 4087 747 4149 EPISCOPO
767 4086 1064 4148 unacovluusl

409 4191 643 4272 CLEMENS
669 4196 798 4272 ΡΑΡΑ
826 4195 933 4271 XIV.

863 4339 962 4393 Roma),
977 4342 991 4382 a
1006 4332 1084 4381 martii
1099 4334 1168 4382 1773.

129 4466 132 4473 ⁴
146 4432 345 4502 Venerabilis,
368 4439 426 4492 etc.
451 4432 537 4507 Quod
552 4434 677 4496 assiduis
691 4435 768 4496 votis
786 4430 1013 4511 exoptavimus,
1028 4436 1058 4490 et
1072 4428 1103 4490 in
1118 4447 1179 4509 qno
1199 4448 1243 4491 sa.

100 4547 160 4592 mc.
185 4527 322 4592 Clemens
342 4528 408 4590 lllll
432 4530 632 4592 Praedecessor
658 4538 759 4593 noster
785 4529 935 4607 studium,
959 4535 1049 4610 atque
1068 4527 1246 4591 industriam

1097 4639 1141 4693 16.
