3180 5354
420 457 601 515 EPISTOLAE
620 459 665 514 ET
683 459 814 515 enavit
832 459 1064 517 SFJIEC'HORA.
1263 469 1309 522 tat

666 623 818 695 CLXVII.

579 770 766 814 venamur
787 770 900 815 suarm

386 867 575 930 mmmm
596 869 784 931 nrlsoeeo
802 868 1099 931 slnvsnncrnnffl

481 980 715 1062 CLEMENS
742 984 872 1062 PAPA
900 980 1005 1060 IIIV.

888 1126 982 1184 Rome,
993 1129 1022 1174 so
1034 1121 1172 1174 novembris
1184 1128 1252 1176 1771.

215 1210 418 1285 Venerabilis,
434 1217 489 1272 etc.
505 1209 712 1275 Libentissime
728 1211 900 1294 accepimns
917 1211 1126 1274 transmissam
1143 1230 1160 1273 a
1180 1218 1210 1273 te
1223 1213 1316 1276 Nobis

172 1307 338 1371 orationem
349 1313 445 1384 tuam,
456 1325 549 1387 quam
560 1308 591 1369 in
601 1309 740 1389 religi0sa
752 1309 849 1389 Regia
860 1309 990 1387 virgime
1003 1307 1186 1389 professione
1197 1308 1314 1390 dixisti,

171 1426 258 1486 cum,
271 1408 354 1490 quod
366 1408 617 1488 jucundissimum
633 1407 725 1483 Nobis
747 1413 809 1484 est,
828 1405 969 1487 omnique
985 1405 1131 1468 vinetum
1148 1405 1237 1469 laude
1256 1425 1316 1470 cu-

171 1506 404 1568 mulatissimum
427 1514 637 1587 argumentum
661 1506 680 1568 a
701 1513 748 1584 te,
771 1503 957 1567 Venerabilis
982 1505 1097 1582 Frater,
1125 1503 1255 1585 plurima
1276 1505 1317 1569 sit

171 1602 347 1684 eloquentie
360 1603 400 1682 vi,
415 1623 451 1666 ac
463 1603 607 1666 doctrina
626 1603 715 1683 oopIa
730 1608 961 1684 pertractatum.
978 1604 1082 1683 ltaque
1098 1609 1129 1665 et
1147 1604 1316 1684 gaudemus

171 1699 272 1762 debita
293 1700 508 1763 excellentibus
527 1700 606 1763 illius
623 1699 737 1761 meritis
757 1705 935 1761 ornamenta
951 1699 1070 1779 publice
1088 1718 1150 1763 non
1169 1701 1315 1777 niusa,

170 1806 201 1858 et
220 1797 274 1859 tibi
290 1798 322 1859 id
344 1798 566 1876 exornandum,
579 1815 641 1877 quo
660 1796 793 1858 mammo
811 1795 1021 1876 triumpharet,
1042 1799 1139 1861 oratio
1152 1799 1318 1862 tuaoonti·

169 1896 247 1976 gisse
260 1898 456 1977 gratrdamur.
466 1899 554 1958 Hunc
568 1900 706 1958 nostrum
718 1893 866 1963 Pontificii
884 1893 976 1956 animi
997 1914 1117 1959 sensum
1130 1896 1218 1959 facile
1232 1896 1315 1961 asti-

170 2013 253 2057 mare
266 2002 352 2077 potes
364 2013 401 2056 ex
414 2013 461 2071 ea,
475 2012 568 2075 quam
582 1993 613 2054 iu
624 1999 709 2055 tanta
721 1992 896 2055 celebritate
909 1993 1021 2055 habere
1038 1994 1200 2074 voluimus,
1214 2001 1312 2077 parte,

168 2119 239 2163 cum
251 2119 305 2181 per
314 2099 522 2161 venerabilem
532 2099 668 2162 Fratrem
681 2096 902 2160 Bernatdinum
912 2099 1179 2182 archiepiscopum
1191 2104 1315 2163 Damas-

168 2215 279 2259 cenum
292 2195 441 2257 Nuncium
461 2202 598 2258 nonnum
617 2195 697 2258 vices
712 2201 833 2258 nostras
851 2203 991 2276 agenmm
1011 2197 1072 2259 Nos
1085 2198 1142 2278 ipsi
1161 2197 1315 2279 quodam-

168 2294 260 2355 modo
269 2311 372 2356 coram
381 2292 412 2354 in
421 2307 530 2354 manus
539 2299 659 2354 nostras
667 2293 938 2357 casolemnisvots
951 2294 1131 2374 excipientes
1142 2295 1181 2356 ad
1194 2299 1312 2356 tantum

167 2390 334 2457 sarculatis
358 2408 394 2455 ac
420 2389 570 2474 religionis
596 2390 787 2473 splendorem
811 2390 983 2472 apostolica
1003 2391 1156 2472 dignitatis
1178 2393 1315 2458 aucmri-

168 2496 261 2552 tatem
275 2487 515 2552 contulissemus.
528 2491 623 2565 Quem
636 2491 661 2554 si
674 2491 823 2572 attigisses
836 2489 874 2554 de
893 2484 988 2553 Nobis
1005 2491 1121 2570 locum,
1137 2499 1249 2574 tuaque
1262 2493 1313 2554 di-

167 2586 253 2650 oendi
275 2587 422 2668 gravitate
437 2587 539 2669 potam
556 2587 677 2652 fecisses
699 2605 850 2652 summam
869 2595 1007 2652 nostram
1025 2595 1114 2671 atque
1133 2590 1311 2653 immensam

168 2683 250 2747 iliam
264 2703 335 2766 erga
350 2683 532 2747 BorbonIam
548 2683 732 2766 demonmm
749 2684 867 2748 Christo
884 2684 1033 2767 virginem
1048 2701 1118 2749 cunt
1138 2686 1203 2770 pari
1223 2693 1312 2750 tantu

166 2780 283 2844 virtutis
295 2778 493 2843 admiratione
503 2782 697 2861 conjunctam
711 2783 880 2860 caritatem,
893 2779 924 2843 id
937 2780 1061 2863 quidem
1071 2789 1198 2863 paterno
1210 2783 1311 2844 animo

165 2884 269 2939 nostro
278 2875 382 2938 luisset
394 2876 606 2956 gratissimum.
618 2876 746 2939 Proinde
755 2877 787 2938 id
798 2895 816 2938 a
827 2875 922 2939 Nobis
931 2875 1091 2939 desiderari
1103 2877 1133 2938 in
1147 2884 1200 2939 tna
1209 2875 1312 2940 lauda-

165 2971 259 3049 tione,
271 2970 457 3033 Venerabilis
467 2972 583 3048 Fratar,
598 2989 682 3052 aquo
699 2971 800 3033 animo
823 2971 900 3033 terre
920 2969 1023 3049 debes,
1034 2988 1105 3033 mun
1122 2992 1158 3033 ex
1173 2972 1231 3034 hoc
1245 2973 1311 3053 ipso

165 3069 313 3150 intelligas
330 3074 476 3150 quantam
498 3069 664 3131 habeamus
683 3069 833 3131 rationem
849 3073 881 3129 ei
896 3066 974 3129 illius
988 3073 1091 3128 nostro
1112 3068 1170 3129 hoc
1183 3068 1311 3131 Pontifi-

164 3173 236 3230 catu
258 3163 487 3248 splendidissimi
510 3165 582 3228 iacti
599 3171 630 3228 et
650 3163 806 3228 uberrima
823 3162 897 3225 illoc
916 3168 1063 3242 congesta
1080 3161 1254 3245 eloquentia
1275 3185 1311 3228 ac

165 3263 309 3327 doctrina
327 3262 539 3326 tomitanam
557 3279 614 3345 pro
624 3269 677 3324 tna
693 3262 724 3323 in
743 3264 804 3325 Nos
820 3277 857 3324 ao
875 3263 1017 3323 sunnam
1030 3260 1110 3324 hanc
1123 3262 1240 3326 Sedetn
1251 3265 1310 3328 ob-

165 3360 315 3424 servantia
333 3358 496 3446 plurimam
506 3359 573 3438 triti,
587 3358 773 3423 Venerabilis
787 3361 903 3440 Frater,
925 3358 1114 3422 PontificIam
1127 3360 1310 3425 benevolen-

168 3454 240 3519 tiam
251 3454 428 3533 dementes,
440 3452 636 3536 apostolicam
648 3453 889 3518 benedictionem
908 3453 1102 3518 fraternitati
1113 3459 1181 3534 tua,
1193 3465 1311 3541 tuaque

167 3551 234 3617 iidei
249 3553 410 3617 commisso
424 3552 537 3635 popolo
546 3557 738 3634 pmamanter
758 3551 959 3634 impertimur.
980 3550 1093 3617 Datum
1107 3553 1222 3629 Inna,
1236 3563 1307 3632 etc,

167 3649 217 3714 tlte
233 3661 271 3716 no
282 3651 447 3715 amemini
458 3658 547 3726 1771,
562 3652 759 3730 pontificatur
771 3652 957 3716 anstrtnnno
969 3656 1061 3715 terito

648 3760 824 3778 ψ

647 3862 815 3938 CLXVIII.
860 3918 863 3922 s

619 4014 752 4070 niumm
771 4013 859 4060 riam

400 4113 561 4174 sosani
586 4110 784 4174 JOSEPHO
812 4111 867 4173 AB
897 4108 1074 4173 HAVERN

456 4223 692 4306 CLEMENS
730 4227 860 4304 ΡΑΡΑ
901 4222 1005 4303 XIV.

870 4363 964 4421 Romae,
977 4367 1007 4409 1ο
1022 4357 1159 4410 novembris
1175 4364 1242 4411 1771.

206 4445 330 4520 Dilecto,
344 4451 399 4508 etc.
410 4447 589 4527 Accepimus
600 4448 802 4527 gratissImum
814 4445 907 4511 Nobis
923 4464 1033 4507 munus
1046 4451 1144 4526 tuum,
1156 4447 1303 4510 Tabulam
