3194 5354
735 496 943 555 casurum
963 496 1028 551 xlv

821 683 943 753 CLXV.

569 894 572 899 ³
652 840 850 884 sauctlssmt
871 838 988 891 DOfflNl
1011 836 1120 880 uastat

362 948 619 1018 CLEMENTIS
644 950 807 1057 Dtvlttu
842 939 1154 1016 PROVIDENTIA
1180 947 1306 1017 PAPAE
1331 949 1416 1016 xlv

614 1056 635 1148 ἵ
734 1090 1035 1171 innocuum
1539 1055 1544 1063 ’

328 1244 446 1297 nnuma
470 1245 504 1295 ΙΝ
529 1239 737 1295 consistente
759 1244 898 1295 SECRETO
922 1245 977 1293 ula
995 1244 1029 1292 Χ]
1053 1241 1237 1293 notmannis
1259 1214 1436 1293 unacum

359 1374 560 1452 venerabiles,
580 1376 713 1437 Fratres.
731 1375 807 1439 Cum
817 1391 999 1456 magnopere
1016 1373 1054 1437 ad
1070 1373 1289 1454 rempublicam
1299 1371 1461 1454 pertinere,

315 1479 380 1534 tum
389 1472 528 1533 Ecelesie
537 1472 630 1553 ipsius
637 1473 800 1555 plurimum
811 1472 955 1535 interesse
967 1472 1102 1534 arbitrati
1114 1488 1235 1553 semper
1242 1471 1464 1548 sumus,Veue·

314 1568 423 1629 rabiles
437 1570 567 1645 Fratres,
582 1576 616 1631 ut
630 1568 820 1650 amplissima
832 1586 936 1648 regum
951 1568 1070 1632 familia
1090 1568 1290 1631 sanctissimis
1309 1567 1463 1647 religionis

314 1662 457 1728 institutis
471 1665 599 1744 jamdiu
611 1664 743 1727 lundata
757 1685 792 1727 ac
812 1664 950 1728 stabilite
962 1665 1105 1728 diuturna
1119 1664 1221 1746 stirpis
1240 1664 1462 1746 propagatione

314 1760 442 1823 similem
457 1781 533 1823 vera
545 1780 581 1823 ac
594 1762 695 1823 selide
707 1761 826 1842 pietatis
834 1762 960 1841 gloriam
972 1761 1177 1824 remotissime
1186 1760 1355 1842 posteritati
1367 1766 1464 1823 maus«

314 1860 448 1921 mittant.
463 1862 576 1921 Verum
595 1860 685 1938 hujus
697 1859 833 1921 utilitatis
850 1858 1028 1938 magnitudo
1039 1859 1133 1921 Nobis
1142 1857 1336 1940 potissimum
1347 1856 1462 1919 obver-

314 1956 439 2017 sabatur
455 1957 575 2033 anime,
593 1975 662 2018 eum
672 1955 710 2017 de
723 1956 869 2018 carissimi
888 1956 919 2017 iu
930 1956 1046 2018 Christo
1057 1956 1110 2018 filii
1125 1956 1220 2018 nostri
1239 1956 1336 2018 Caroli
1348 1954 1463 2036 Hispa-

315 2051 433 2113 niarum
450 2053 527 2132 regis
545 2052 684 2114 catholici
708 2051 807 2113 liberis
830 2071 866 2113 ac
882 2052 1072 2115 successione
1087 2053 1310 2132 cogitaremus,
1334 2054 1461 2135 eiusque

316 2167 351 2210 ac
369 2151 521 2227 majerum
545 2149 623 2211 illius
644 2147 875 2209 innumerabiles
896 2147 999 2210 laudes
1023 2155 1113 2228 atqua
1128 2150 1156 2209 in
1173 2148 1339 2209 Fcclesiam
1354 2149 1462 2212 merita

314 2265 546 2308 recenseremus.
569 2246 616 2307 Ad
639 2246 694 2307 has
716 2245 852 2326 publicas
872 2246 1104 2308 eommodorum
1126 2246 1259 2308 rationes
1275 2245 1462 2308 accedebant

313 2344 480 2422 peculiares
491 2342 584 2404 nestri
600 2342 630 2402 in
644 2341 728 2402 illum
746 2340 856 2403 amoris
869 2359 981 2414 causa,
1002 2348 1108 2403 mutua
1122 2340 1292 2403 officiorum
1313 2340 1392 2403 inter
1405 2360 1460 2405 nos

313 2440 530 2501 consuetudine
551 2440 647 2519 magis
664 2439 694 2500 iu
717 2439 781 2500 dies
795 2439 995 2517 confirmata,
1013 2439 1124 2521 quibus
1142 2441 1176 2501 fit
1185 2485 1194 2518 ,
1209 2446 1245 2501 ut
1261 2458 1459 2522 quaecumque

315 2538 353 2599 ad
363 2538 447 2598 illum
463 2539 649 2618 pertineant,
666 2537 704 2599 nd
717 2540 779 2599 Nos
797 2555 880 2618 eque
896 2538 1023 2600 attinere
1039 2537 1257 2599 existimemus.
1275 2539 1374 2611 Quare
1389 2556 1460 2600 cum

313 2635 436 2712 eadem,
457 2655 518 2714 qua
531 2636 598 2711 ille,
621 2635 839 2711 sollicitudine,
861 2641 891 2696 et
912 2635 1046 2697 maximo
1070 2633 1219 2698 desiderio
1237 2635 1406 2697 successuri
1428 2635 1459 2696 in

314 2740 430 2794 tantam
442 2750 602 2812 regnorum
622 2749 706 2812 spem
719 2731 784 2809 ejus
802 2731 920 2811 nepotis
942 2736 1125 2807 teneremur,
1139 2730 1227 2793 facila
1243 2731 1352 2793 intueri
1363 2738 1460 2813 potes·

314 2830 371 2905 tis,
388 2831 580 2892 Venerabilas
594 2832 731 2905 Fratres,
753 2829 932 2891 immensam
956 2829 1080 2891 aNebis
1100 2835 1274 2909 perceptam
1289 2828 1460 2907 jucundita-

312 2937 392 3007 tem,
404 2949 476 2995 cum
494 2931 626 3011 primum
646 2929 796 3010 expletam
817 2928 908 2990 studii
931 2929 1026 2989 nostri
1050 2926 1291 3007 expectationem
1309 2925 1456 2989 videmus.

311 3027 539 3106 Optatissimum
548 3027 630 3089 hunc
641 3025 786 3088 nuncium
796 3043 832 3087 ex
843 3024 921 3105 regis
934 3024 1028 3106 ipsius
1037 3023 1130 3086 literis
1143 3023 1334 3104 accepimus,
1349 3024 1459 3106 quibus

311 3124 420 3187 latitia
437 3143 497 3187 sua
507 3124 535 3185 vi
550 3131 687 3187 uestrum
698 3121 728 3182 in
740 3120 841 3205 sinum
853 3119 950 3183 effusa
958 3166 967 3199 ,
981 3118 1043 3182 Nes
1058 3120 1089 3181 in
1100 3118 1202 3200 gaudii
1219 3120 1267 3183 sui
1281 3119 1457 3187 societatem

312 3221 459 3297 uocabat,
474 3226 506 3280 et
519 3224 628 3299 nepote
650 3235 683 3279 se
707 3223 847 3295 auctum,
872 3222 963 3298 atque
982 3215 1112 3278 eundem
1133 3224 1238 3280 nostro
1262 3234 1376 3299 suoque
1395 3234 1457 3279 no-

311 3318 395 3379 mine
409 3317 447 3377 de
468 3335 554 3379 sacro
568 3314 801 3397 regenerationis
816 3314 899 3376 tonte
907 3314 1006 3394 jame
1023 3333 1056 3376 se
1075 3322 1250 3397 susceptum
1265 3332 1329 3378 csse
1346 3312 1456 3378 alfere

312 3414 376 3475 bat.
391 3415 458 3475 Una
470 3413 571 3492 itaque
582 3417 689 3475 natum
705 3411 790 3474 illum
809 3429 873 3473 esse
891 3429 999 3492 regno,
1014 3412 1093 3494 regi,
1119 3412 1232 3492 Nobis,
1247 3412 1404 3491 Ecclesia,
1419 3432 1457 3476 ac

311 3512 374 3571 lieo
384 3509 441 3590 ipsi
453 3509 652 3575 intelleximus
663 3529 699 3571 ac
712 3506 928 3571 secundissima
939 3512 1042 3573 omnia
1057 3511 1087 3572 in
1102 3510 1186 3573 illurn
1200 3510 1337 3595 auspicia
1349 3528 1367 3574 a
1380 3512 1457 3576 coelo

310 3609 422 3671 rodata
433 3627 497 3671 esse
507 3607 695 3687 agnovimus.
712 3608 919 3668 Huucnestra
927 3605 1125 3684 jucunditatis
1138 3608 1260 3672 sensum
1273 3626 1458 3693 magnopere

309 3706 521 3785 aurplifiearit,
535 3704 617 3785 quod
634 3703 741 3766 eudem
759 3703 848 3783 plane
865 3701 914 3763 die
935 3703 998 3766 hac
1014 3702 1053 3766 ad
1072 3706 1134 3767 Nos
1153 3712 1254 3769 essent
1269 3706 1375 3785 allata,
1394 3724 1457 3790 quo

309 3801 358 3861 die
369 3801 559 3869 dilectissima
572 3802 604 3864 in
614 3802 730 3863 Christe
744 3800 806 3863 filia
823 3808 926 3864 uestra
940 3802 1062 3884 Aloysia
1075 3803 1170 3866 Maria
1182 3802 1277 3886 Regia
1286 3805 1455 3869 Galliarum

310 3897 489 3978 l‘rincipissa
500 3899 603 3961 relicto
613 3904 743 3979 paterne
757 3916 793 3959 ac
801 3897 909 3977 regalis
921 3899 996 3960 aula
1007 3899 1166 3981 splendere
1181 3900 1212 3961 iu
1223 3900 1458 3964 carmelitarum

309 3997 464 4079 Virginem
477 3998 581 4060 ordine
593 3996 701 4058 Christi
720 4003 931 4077 paupertatem
946 4002 1037 4079 atque
1056 3998 1258 4063 humilitatem
1276 4000 1456 4081 complexa,

308 4097 366 4157 lala
381 4098 453 4158 data
473 4116 505 4158 se
521 4095 664 4175 religiosa
682 4094 748 4155 uite
770 4094 885 4176 legilrus
905 4095 1120 4178 obstringebat,
1138 4100 1260 4179 Deoque
1272 4096 1454 4161 devovebat.

309 4195 468 4273 Propterea
479 4213 534 4256 nos
545 4194 678 4253 inclitam
688 4193 785 4270 illam,
802 4213 837 4255 ac
854 4213 948 4275 prope
961 4194 1093 4256 divinem
1108 4194 1219 4274 Deique
1233 4210 1356 4255 munere
1371 4192 1457 4255 indi·

308 4297 369 4349 tam
382 4292 520 4352 uirtutem
543 4298 614 4353 tuuc
629 4291 776 4371 precipue
798 4293 898 4353 animo
913 4295 1122 4370 volvebamus,
1136 4313 1172 4354 ae
1186 4295 1246 4354 Nes
1257 4290 1312 4372 ipsi
1326 4290 1399 4353 huic
1414 4292 1456 4353 ab

306 4388 445 4449 (turturibus
473 4390 578 4450 sectilis
605 4390 805 4452 intemeranda
826 4391 991 4452 celebritati
1018 4392 1175 4465 interisse,
1201 4409 1297 4470 eaquae
1323 4395 1394 4452 volu
1417 4409 1454 4451 ec

306 4486 480 4565 almusioucs
498 4489 526 4548 in
540 4507 645 4550 urarrus
663 4496 781 4551 rreslras
795 4506 898 4550 (eram
911 4490 1045 4569 (exsiluere
1061 4489 1246 4551 uidebamur.
1262 4492 1340 4551 llum
1361 4487 1451 4550 delixi
