3194 5354
241 481 276 530 26
672 469 869 526 CLEMENTlS
887 470 948 523 XlV

236 588 299 640 tuae
310 577 417 639 litteris
434 575 599 655 intelligere
616 574 784 635 celebratas
795 590 861 634 esse
873 573 938 650 jam
950 572 1072 652 nuptias
1084 577 1161 634 luter
1176 573 1392 637 dilectissimos

240 677 269 736 in
277 673 395 736 Christo
404 669 833 735 liliosnostrosFerdinandum
842 669 1161 748 Borboniumllegium
1171 670 1389 751 Hispaniarum

240 772 384 834 infantem
395 771 439 833 tui
450 770 564 832 Fratris
577 769 684 846 filium,
698 774 730 830 et
742 768 870 831 Mariam
878 769 1029 831 amariam
1042 767 1236 832 archiducem
1247 771 1387 833 austriae.

239 876 335 944 Quam
354 867 481 950 proinde
497 866 607 929 letitie
629 872 688 928 tue
707 867 770 928 Nos
790 865 822 927 in
843 872 962 946 partem
984 883 1075 929 vocas
1101 866 1284 947 perlibenter
1303 887 1390 932 acce

240 967 622 1048 dimus,tuamquepariter
634 984 671 1027 ae
682 965 1225 1046 nostramgaudemuaaioem;neque
1236 966 1389 1031 enimnon

240 1084 421 1148 magnopere
431 1071 536 1128 nostra
547 1064 671 1125 interest
680 1063 1213 1144 quecumqueadblujestatemtuam
1222 1064 1387 1144 pertinent,

240 1184 339 1246 neque
351 1182 414 1226 non
431 1161 615 1225 Borboniam
628 1163 760 1222 Domum
771 1178 892 1240 semper
905 1161 1001 1240 magis
1018 1162 1179 1242 propagari
1195 1161 1389 1226 vehementer

240 1263 408 1344 optandum
427 1261 521 1323 Nobis
536 1279 602 1322 esse
619 1258 881 1340 expetendmnque
907 1260 1101 1322 arbitramur.
1129 1261 1229 1333 Quare
1250 1278 1388 1323 summas

240 1361 388 1422 babemus
401 1360 456 1422 tibi
468 1377 525 1440 pro
536 1364 600 1420 tam
617 1357 771 1420 lucidento
790 1356 950 1420 nobiscum
959 1364 1083 1438 peracto
1100 1357 1202 1420 officio
1212 1357 1341 1437 gratias,
1356 1367 1390 1421 et

240 1457 388 1534 Maiestati
400 1462 460 1518 ture
472 1456 622 1532 majorem
634 1454 666 1515 in
679 1453 806 1516 modum
815 1455 1020 1534 gratulantes,
1033 1472 1086 1517 aaa
1101 1454 1223 1535 nuptias
1242 1455 1317 1519 letis
1327 1456 1389 1518 lor·

240 1557 412 1637 lunatiaque
423 1555 634 1636 prosequimur
644 1553 786 1634 auspiciis
796 1572 833 1615 ac
845 1555 939 1632 votis,
951 1573 1020 1635 quae
1030 1556 1126 1616 Deum
1139 1555 1209 1635 Opt.
1220 1554 1387 1618 Maximum

238 1645 410 1733 precamur,
424 1663 459 1715 ut
469 1672 525 1715 sua
538 1653 720 1733 benignitate
733 1658 800 1715 rata
811 1652 897 1730 laxit,
908 1671 1061 1733 quamque
1070 1651 1161 1731 regiis
1168 1651 1289 1732 sponsis
1300 1671 1388 1732 apos-

238 1753 362 1814 tolicam
382 1752 622 1814 benedictionem
635 1752 742 1813 intimo
759 1752 877 1832 paterni
897 1751 1010 1813 amoris
1024 1769 1115 1813 sensu
1125 1750 1279 1830 largimur,
1301 1767 1388 1811 eanr-

239 1852 308 1913 dem
318 1852 382 1933 ipse
393 1850 530 1912 omnium
537 1850 688 1913 bonorum
699 1850 869 1912 accessione
877 1850 1036 1912 confirmet
1047 1849 1236 1911 accumulet.
1248 1849 1387 1910 Nostram

240 1952 345 2014 itidem
368 1950 608 2013 benedictionem
628 1951 776 2029 Majosteti
791 1957 851 2010 tuae
871 1949 902 2010 ia
925 1949 1084 2029 singularis
1099 1966 1171 2027 erga
1195 1954 1225 2009 te
1244 1946 1335 2008 studii
1351 1964 1388 2008 ac

239 2060 374 2133 paternae
387 2051 549 2115 voluntatis
569 2055 798 2131 argumentum,
820 2050 962 2131 omnique
982 2049 1095 2130 pariter
1115 2047 1277 2111 carissime
1294 2045 1387 2108 Nobis

239 2151 327 2231 regiae
336 2151 443 2213 Domui
456 2150 660 2213 amantissime
671 2148 871 2231 impertimur.
882 2153 999 2212 Datum
1009 2152 1120 2222 Rome,
1136 2155 1209 2223 etc,
1220 2150 1270 2209 die
1280 2158 1314 2208 14
1323 2163 1389 2219 aaa·

238 2250 362 2309 temdris
381 2259 467 2324 1769,
483 2252 680 2328 pontificatus
690 2251 791 2309 nostri
802 2266 883 2309 amre
894 2252 1006 2326 ammo.

760 2494 867 2563 XXX.

575 2670 710 2711 DlLECTO
734 2669 815 2710 aiulo
839 2667 950 2711 Nobila
976 2669 1053 2709 Vilio

409 2791 617 2853 rameruco
638 2790 891 2853 marcarum
913 2789 1221 2852 uasere-cassan

554 2923 788 3002 CLEMENS
816 2925 944 3001 ΡΑΡΑ
972 2923 1078 3000 XIV.

934 3095 1026 3151 Romae,
1042 3098 1069 3140 16
1083 3088 1224 3153 septembris
1242 3093 1309 3139 tias.

281 3212 410 3279 Dilecto,
431 3215 488 3269 ete.
504 3209 581 3267 Tam
601 3225 636 3267 ex
651 3206 816 3268 nobilitatis
840 3213 900 3268 tuae
912 3205 1021 3267 litteris
1041 3206 1124 3267 filiali
1146 3203 1336 3267 observantia
1357 3208 1389 3264 ot

242 3304 444 3368 devotionein
463 3306 523 3364 Nos
542 3308 573 3362 et
592 3304 789 3382 apostolicam
804 3304 884 3364 lianc
906 3303 1009 3365 sedem
1028 3303 1228 3383 plenissimis,
1244 3320 1335 3384 quam
1351 3321 1388 3362 ea

241 3403 353 3465 dilecto
364 3401 427 3463 faio
439 3400 592 3462 Bernardo
601 3401 754 3480 Giordaai,
767 3404 819 3483 qui
829 3421 881 3465 eas
891 3403 984 3465 Nobis
994 3403 1135 3479 reddidit,
1147 3403 1234 3464 facile
1245 3401 1388 3464 intellexi-

242 3520 329 3579 mus,
342 3504 490 3581 quantum
508 3500 677 3579 perceperis
691 3500 731 3561 ob
747 3503 858 3563 summi
879 3500 1070 3582 pontificatus
1084 3501 1262 3581 dignitatem
1277 3498 1316 3561 ad
1334 3516 1389 3560 nos

241 3599 384 3661 (livinitus
396 3597 526 3658 delatam
535 3596 689 3674 gaudium.
704 3601 746 3658 Dc
757 3619 818 3679 quo
830 3599 904 3660 dum
914 3602 975 3660 Nos
986 3600 1130 3661 certiores
1141 3599 1226 3676 iacis,
1238 3597 1388 3676 Nobisque

241 3697 408 3758 luculenter
415 3714 451 3755 ex
460 3694 560 3755 animo
567 3695 738 3773 gratularis,
748 3703 833 3757 tuam
839 3715 899 3776 prae
908 3695 1003 3757 toiers
1010 3697 1126 3773 jamdiu
1134 3703 1322 3777 perspectam
1331 3696 1389 3755 No-

242 3796 288 3855 bis
297 3795 441 3875 pietatem
454 3840 461 3871 ,
473 3814 508 3855 ac
526 3794 557 3854 in
575 3795 755 3857 catholicam
768 3796 944 3876 religionem
953 3797 1103 3872 studium,
1115 3797 1201 3874 cujus
1213 3795 1271 3856 hoc
1286 3794 1324 3854 ad
1334 3812 1388 3854 cre-

242 3901 307 3953 trra
317 3891 606 3972 opportunissimum
619 3893 733 3954 accedit
745 3893 897 3971 Nobisque
906 3890 1385 3971 jucuudissimurnjtestimonium.

242 3991 426 4050 Perlibontor
444 3990 533 4068 igitur
554 3992 726 4072 excepimus
748 3991 896 4068 ejusmodi
912 3991 1046 4052 officium
1057 3999 1145 4052 tuum
1162 4008 1232 4050 cum
1253 3996 1316 4048 tam
1331 3988 1389 4067 piis

242 4089 279 4148 do
293 4087 380 4148 nobis
392 4086 504 4166 optatis
518 4105 553 4147 ao
564 4088 641 4148 votis
655 4089 871 4165 conjunctum,
887 4091 1040 4168 Deumque
1054 4092 1123 4168 Opt.
1137 4087 1301 4149 Maximum
1316 4103 1390 4163 pre-

243 4207 362 4263 camur,
384 4194 417 4248 ut
436 4206 527 4267 quam
542 4189 634 4249 Nobis
655 4189 692 4248 (le
710 4189 752 4249 tui
774 4189 865 4251 animi
881 4189 1024 4268 religione
1043 4186 1263 4265 jucunditatem
1282 4182 1387 4258 allert,

242 4284 379 4344 narsidem
398 4286 428 4345 in
450 4292 605 4365 posterum
629 4286 692 4365 ipsc
714 4303 832 4364 serrapor
849 4286 1010 4366 amplificet
1025 4305 1059 4345 ac
1081 4284 1250 4355 confirmet,
1274 4299 1388 4360 suaque

243 4380 424 4458 laurigaitalo
447 4384 564 4444 lucilius
581 4402 617 4444 ex
632 4382 667 4443 iis
682 4382 832 4443 radicibus
851 4383 1028 4444 cluistianas
1051 4383 1080 4442 ia
1099 4389 1128 4442 lu
1141 4380 1266 4441 virtutus
1283 4397 1388 4440 carnes

240 4477 367 4561 proferri
388 4479 483 4559 magis
497 4481 529 4540 ia
548 4479 611 4539 dios
631 4498 665 4541 ac
678 4479 864 4543 ellloroscrre
877 4480 1073 4561 gaudeamus.
1090 4483 1134 4543 lta
1151 4498 1243 4561 porru
1259 4476 1390 4556 simmia-
