3194 5354
351 513 402 564 att
783 502 985 560 cuentssdt'ts
1003 502 1070 556 XlV

350 623 455 677 tarum
476 613 698 694 prestantiam,
719 618 752 672 ιιι
774 610 976 672 immortalem
997 608 1127 670 nominis
1143 608 1271 688 glorium
1292 611 1374 691 apud
1395 631 1498 676 omncs

349 728 429 774 esses
446 718 640 775 consecutus.
653 713 766 772 Verum
786 729 853 791 qua
871 728 989 772 summa
1009 707 1177 789 eximiaque
1200 728 1292 792 opera
1313 728 1371 791 pro
1389 712 1496 789 Nobis,

350 815 439 889 atque
452 807 586 869 Ecclesia
601 807 730 883 moliris,
747 825 783 868 ae
802 805 935 886 peragis,
958 804 1106 883 ejusmodi
1122 811 1209 883 sunt,
1231 813 1265 867 ut
1280 807 1338 868 etsi
1358 813 1390 869 te
1410 817 1497 870 artes

299 893 303 900 ’
349 893 405 988 pro
415 905 615 986 singularibus
629 905 688 967 tuis
701 904 841 967 laudibus
851 903 971 985 plurimi
992 903 1177 980 laceremus,
1192 909 1294 965 tantm
1316 921 1399 966 nunc
1412 903 1498 966 miri-

265 1024 268 1032 ’
350 1006 408 1067 irco
422 1005 556 1085 quodam
569 1002 785 1066 benevolentia
800 1010 889 1084 atque
902 1001 1012 1065 amoris
1022 1020 1095 1084 erga
1105 1008 1137 1065 te
1149 1002 1249 1066 stndm
1258 1003 1494 1067 inflammemur.

350 1100 524 1163 Incredibile
538 1108 583 1162 est
591 1146 600 1177 ,
615 1108 802 1182 quantopere
813 1098 952 1177 velimus,
962 1099 1122 1162 dileetellli
1131 1105 1246 1178 noster,
1259 1102 1496 1184 amplumatque

349 1196 497 1259 illustrem
518 1197 583 1260 dari
605 1197 698 1260 Nobis
717 1197 834 1273 locum,
848 1215 910 1277 quo
923 1196 1014 1259 hosce
1028 1196 1280 1260 luculentissimos
1295 1197 1388 1260 animi
1409 1198 1449 1260 de
1467 1207 1496 1261 te

348 1315 454 1359 sensus
474 1298 592 1378 egregio
608 1297 741 1379 quodam
755 1315 790 1359 ac
803 1297 924 1378 publico
937 1296 1111 1358 testimonio
1123 1297 1352 1375 confirmemus,
1374 1304 1408 1359 ut
1424 1316 1496 1378 per-

247 1408 250 1413 ·
349 1393 574 1474 spicereomnes
582 1396 711 1477 possint,
719 1400 866 1476 quantum
875 1394 941 1472 tibi,
952 1395 1131 1456 tuismeritis
1139 1394 1303 1476 virtutique
1311 1394 1493 1456 deteramus.

348 1493 496 1557 Seddiem
503 1494 646 1558 idoneum
657 1494 728 1555 huic
737 1490 892 1574 cupiditati
902 1497 1010 1553 nostra
1018 1489 1220 1554 satisfaciendi
1229 1497 1350 1573 tempus
1357 1498 1496 1572 expecta-

296 1567 304 1588 ⁸
347 1609 433 1671 mus,
453 1591 572 1655 interim
593 1598 628 1653 ut
646 1592 785 1672 exiguam
806 1591 938 1672 aliquam
957 1589 1119 1652 voluntatis
1139 1589 1195 1650 tibi
1214 1596 1321 1652 nostra
1340 1587 1496 1669 significa·

348 1688 460 1751 tionem
475 1690 603 1767 demus,
626 1708 688 1751 non
702 1688 898 1768 injucundum
914 1685 968 1748 tibi
988 1684 1053 1748 lore
1074 1685 1256 1749 arbitramur
1274 1682 1417 1747 volumen
1434 1684 1493 1746 boc

347 1785 573 1849 Pontiliciarum
581 1786 737 1848 literarum
746 1804 799 1847 seu
813 1789 1078 1847 monumentorum
1088 1781 1126 1843 ad
1136 1782 1323 1862 albigensem
1331 1779 1494 1841 eododem
1567 1862 1570 1867 .

347 1891 432 1944 tuam
453 1881 667 1964 spectantium.
680 1880 792 1945 Eadem
804 1887 907 1944 nostro
918 1880 1005 1959 jussu
1018 1896 1056 1940 ex
1068 1878 1232 1942 Pontificlis
1245 1876 1383 1942 Ambivis
1395 1894 1494 1938 aomi-

347 1978 497 2041 ratissime
523 1981 643 2061 collegit
665 1981 710 2042 vir
738 1979 820 2043 omni
844 1974 1011 2041 eruditione
1034 1976 1280 2039 instructissimus
1303 1974 1493 2038 Venerabilis

345 2075 450 2137 Frater
476 2076 626 2158 losepbus
648 2075 899 2158 Arcbiepiscopus
917 2073 1034 2155 Beryti,
1054 2091 1174 2154 unaque
1192 2070 1349 2151 coniunxit
1369 2071 1491 2149 omnia',

344 2191 412 2254 quae
426 2174 472 2236 vel
494 2174 671 2257 antiquitate
682 2175 748 2257 ipsa
761 2173 808 2236 vel
818 2192 921 2236 rernm
934 2171 1079 2251 gravitate
1090 2167 1351 2245 commendantur,
1366 2185 1491 2251 qunque

344 2269 501 2332 historiam
512 2271 643 2333 ecclesia
655 2266 1011 2348 acdioeoesisdlbigensis
1027 2265 1175 2328 illustrare
1187 2265 1353 2347 plurimum
1363 2264 1489 2346 possint,

346 2385 382 2427 ac
404 2367 542 2448 supplere
556 2386 608 2444 ea,
631 2374 741 2448 quaet
755 2367 787 2428 in
806 2368 903 2428 Tomo
924 2363 1024 2446 primo
1045 2378 1195 2425 novorum
1218 2360 1377 2424 Editorum
1392 2362 1491 2424 Gallia

344 2460 528 2538 christiana,
541 2468 571 2523 et
589 2462 620 2523 in
635 2462 766 2523 Historia
776 2458 935 2522 Oooitaniae
955 2459 1022 2519 all.
1044 2455 1191 2519 Vaissette
1204 2456 1311 2537 gallice
1323 2458 1489 2540 perscripta

343 2556 562 2619 desiderantur.
587 2558 706 2639 Optime
728 2557 882 2633 novimus,
906 2574 966 2636 quo
988 2570 1091 2615 amore
1114 2553 1306 2632 mbigensam
1332 2554 1488 2618 maiam

343 2660 427 2715 tuam
438 2655 654 2735 conplectaris,
666 2661 872 2736 quantumque
884 2651 934 2715 illa
945 2649 1073 2734 praesidii
1086 2668 1121 2714 ac
1132 2649 1286 2733 dignitatis
1298 2669 1336 2715 ex
1345 2654 1488 2735 pastorali

343 2756 396 2811 tua
412 2750 628 2827 sollicitudine,
648 2750 823 2832 prudentia,
848 2750 1002 2829 docuina,
1023 2750 1175 2830 animique
1190 2756 1221 2812 et
1235 2749 1445 2814 moderatione
1456 2759 1488 2813 et

342 2849 547 2930 magnitudine
569 2850 688 2912 relerat.
711 2850 840 2913 Proinde
852 2850 977 2912 minime
997 2849 1188 2927 dubitamus,
1213 2849 1285 2930 quin
1299 2857 1421 2931 gratum
1434 2852 1486 2914 tibi

340 2947 533 3010 vehementer
542 2946 678 3009 futurum
692 2946 731 3009 sit
744 2954 808 3008 uta
824 2946 918 3008 Nobis
934 2946 1044 3021 etiam,
1058 2945 1101 3006 tui
1114 2945 1206 3026 ipsius
1216 2944 1330 3024 gratia,
1343 2946 1486 3009 nonnulla

341 3043 459 3106 decoris
472 3045 503 3106 in
516 3044 599 3107 illam
607 3089 617 3122 ,
633 3063 668 3120 ao
682 3043 848 3126 splendoris
856 3043 1065 3105 liataccessio.
1080 3043 1165 3105 Habe
1176 3043 1277 3123 itaque
1288 3043 1349 3107 boo
1363 3064 1382 3107 a
1394 3046 1486 3109 Nobis

338 3160 450 3204 munus
465 3148 554 3222 atque
569 3143 679 3204 amoris
697 3129 791 3204 nostri
804 3142 930 3224 pignus,
945 3142 1052 3205 dilecte
1066 3141 1107 3204 fili
1124 3148 1237 3220 noster,
1251 3142 1334 3223 quod
1347 3143 1486 3224 cupimus

338 3254 399 3296 non
419 3243 483 3297 tam
498 3256 516 3296 a
529 3244 558 3297 te
572 3238 711 3300 estimari
725 3255 763 3298 ex
776 3255 809 3299 re
822 3239 905 3319 ipsa,
918 3256 1010 3319 quam
1024 3256 1060 3299 ex
1078 3237 1178 3300 animo
1193 3245 1313 3316 nostro,
1327 3238 1378 3319 qui
1391 3239 1484 3301 lucu-

338 3331 445 3393 lentior
457 3350 529 3412 erga
540 3339 569 3393 te
580 3338 611 3394 et
621 3331 734 3413 gratior
744 3340 835 3415 atque
849 3334 888 3395 ad
901 3341 931 3397 te
944 3334 1103 3413 omnibns,
1115 3354 1183 3416 quae
1198 3336 1319 3399 aNobis
1331 3335 1482 3417 proficisci

336 3434 478 3508 possunt,
492 3429 676 3491 ornamentis
689 3429 906 3492 cumulandum
918 3430 1096 3507 inclinatior,
1111 3433 1255 3512 quamsit
1267 3451 1402 3496 osseum
1421 3454 1484 3516 po-

335 3530 403 3586 test.
424 3526 469 3585 Ao
483 3522 556 3586 illud
576 3523 668 3586 etiam
682 3525 736 3588 tibi
756 3527 955 3608 persuadeas,
980 3528 1038 3590 boe
1059 3531 1281 3612 qualecumque
1300 3530 1355 3608 sit,
1371 3530 1482 3594 indicio

333 3620 526 3684 libentissime
538 3621 600 3684 Nos
612 3622 714 3703 palam
728 3625 803 3685 velle
821 3624 934 3703 lacere,
950 3632 1098 3707 quantum
1112 3626 1166 3688 tibi
1184 3627 1369 3704 debeamus,
1380 3647 1482 3709 quan-

333 3727 456 3800 tumque
467 3721 559 3783 etiam
577 3721 764 3784 confidamus
775 3723 856 3801 iore,
871 3731 904 3785 ut
914 3742 970 3805 pro
982 3725 1101 3806 egregio
1114 3732 1168 3787 tuo
1186 3727 1216 3786 in
1230 3727 1293 3787 Nos
1310 3744 1346 3787 ac
1360 3725 1391 3787 in
1402 3724 1481 3786 banc

333 3816 473 3878 Sanctam
488 3818 595 3880 Sedem
607 3818 705 3882 studio
720 3820 813 3885 simus
825 3821 924 3884 adbuc
937 3823 1034 3903 magis
1047 3823 1078 3884 in
1089 3830 1245 3904 posterum
1258 3821 1401 3885 debituri.
1420 3825 1481 3884 lle-

331 3928 417 3972 mum
425 3913 622 3992 apostolicam
630 3914 868 3979 benedictionem
878 3916 943 3996 tibi,
954 3917 1061 3981 dilecte
1070 3918 1112 3980 tili
1121 3927 1235 3997 noster,
1246 3919 1354 3981 intimo
1362 3918 1479 4001 paterni

329 4008 429 4071 cordis
439 4027 527 4071 sensu
534 4021 726 4091 peramanter
741 4015 941 4097 impertimur.
951 4018 1063 4080 Datum
1073 4017 1480 4098 somu‚atc.,dreremrm

332 4117 419 4185 1772,
430 4111 628 4188 pontificatus
639 4117 734 4173 nostri
747 4132 829 4175 anno
844 4121 945 4177 tertio.
