3194 5354
223 444 275 495 aas
396 400 399 407 ’
647 436 852 492 cremanus
870 435 935 490 xrv

221 549 326 603 nostra
351 541 451 602 divina
465 559 522 621 ope
545 542 675 602 maxime
698 541 881 622 indigemus,
904 558 1058 620 nunquam
1081 557 1246 602 immemor
1273 538 1375 602 lutura

222 639 272 699 sis.
289 641 364 699 Cum
378 639 467 717 igitur
478 657 660 719 magnopere
675 640 768 699 Nobis
779 656 956 719 persuasum
968 637 1005 698 sil
1017 655 1077 699 non
1094 636 1247 698 mediocre
1260 637 1376 699 iactum

222 736 257 798 iri
287 755 323 798 ex
346 735 403 798 hoc
431 738 613 799 munusculo
632 744 689 798 tuae
720 735 887 799 devotionis
910 735 1148 810 incrementum,
1180 733 1377 795 veliementer

222 832 314 895 etiam
324 839 483 914 optamus,
503 833 622 896 utillud
642 853 735 915 penes
752 835 904 897 tehabere
917 834 992 895 velis
1004 840 1164 914 tantquam
1178 831 1325 893 eximium
1340 851 1376 893 ac

220 937 403 1010 perpetuum
429 931 589 1011 pontilicis
620 931 754 993 caritatis
778 932 902 1013 pignus,
922 930 1002 994 unde
1031 938 1084 993 tua
1115 928 1146 990 in
1170 928 1371 1010 apostolicam

220 1027 301 1088 hanc
313 1026 420 1088 Sedem
441 1026 540 1088 studia
560 1027 657 1106 magis
679 1026 784 1089 indias
802 1026 1036 1098 inflammentur,
1049 1027 1132 1108 quod
1149 1024 1277 1087 mirifice
1299 1044 1372 1088 cum

221 1125 287 1204 ipsa
295 1124 325 1184 in
335 1127 397 1185 Deo
405 1124 528 1205 pietate,
539 1144 575 1186 ac
586 1125 669 1186 filiali
681 1134 734 1188 tuo
743 1126 773 1187 in
784 1128 845 1188 Nos
854 1126 1146 1189 officioconsentitet
1155 1126 1306 1206 congruit.
1319 1128 1376 1188 Dr-

221 1221 352 1283 mumab
361 1222 498 1283 omnium
507 1223 657 1284 bonorum
667 1222 821 1301 largitore
829 1224 1115 1287 reramacsolidam
1124 1224 1309 1302 felicitatem,
1319 1227 1373 1287 tibi

220 1316 414 1379 dilectissima
431 1319 461 1379 in
476 1318 592 1381 Christo
608 1319 671 1382 lilia
691 1327 811 1398 nostra,
831 1330 947 1404 tueque
970 1324 1078 1387 inclite
1089 1323 1249 1389 Electorali
1261 1324 1375 1385 Domm

222 1417 312 1477 enixe
325 1435 496 1497 precamur,
511 1436 548 1478 ao
564 1418 700 1496 eiusdem
719 1419 864 1483 uberioris
885 1422 987 1501 gratiae
1001 1422 1155 1503 auspicem
1176 1420 1374 1502 apostolicam

221 1513 461 1586 mediationem
473 1514 579 1576 intimo
594 1515 711 1596 paterni
728 1515 827 1579 cordis
841 1535 929 1580 sensu
944 1519 1152 1581 amantissime
1165 1517 1373 1597 impertimur.

224 1615 338 1677 mam
359 1616 474 1687 Rostro,
498 1623 572 1691 ele,
589 1614 639 1675 dle
662 1627 696 1676 at
716 1616 822 1693 aprilis
849 1626 937 1693 tm,
960 1620 1153 1696 pontificales
1170 1619 1266 1677 nostrl
1289 1632 1374 1677 oreo

221 1717 320 1775 lerllo.

753 1928 843 1998 ectr.

516 2085 658 2127 urracrrs
678 2086 775 2126 rrarrs
798 2086 964 2126 noorcrnus
988 2086 1077 2128 rrnrs

292 2191 459 2253 urorum
480 2191 530 2251 ET
552 2190 809 2251 constaturus
831 2190 1072 2253 astruentem
1092 2192 1303 2255 RAGUSINAE

534 2313 768 2390 CLEMENS
796 2314 923 2390 ΡΑΡΑ
953 2313 1058 2388 xlv.
1159 2298 1161 2301 ’

987 2465 1083 2523 tinnire,
1100 2470 1129 2513 28
1143 2462 1226 2526 aprilis
1242 2468 1310 2517 1772.

266 2570 382 2628 Dilerli
392 2615 400 2635 ,
417 2576 470 2629 ele.
488 2568 619 2629 Reddita
631 2568 724 2631 Nobis
737 2568 1062 2633 lueruntNobililatum
1084 2577 1254 2633 vestrarum
1268 2571 1371 2634 littera·

222 2684 240 2723 rr
252 2663 362 2724 dilecto
380 2663 441 2725 ulio
460 2664 620 2727 Benedicto
632 2667 703 2746 Slay
719 2665 825 2727 intimo
841 2675 944 2728 nostro
960 2666 1163 2745 cubiculario,
1186 2687 1222 2730 ac
1235 2668 1371 2731 brevium

222 2761 260 2823 arl
279 2751 429 2845 principos
449 2764 626 2841 secretario,
649 2764 700 2845 qui
723 2770 837 2827 vestros
860 2764 950 2829 etiem
968 2766 1182 2839 observantia,
1203 2765 1324 2848 pietatis
1337 2786 1371 2829 ac

221 2861 389 2926 devotionis
414 2883 484 2944 erga
503 2865 580 2941 Nos,
607 2873 696 2945 atque
719 2864 1015 2945 hancApostolicam
1042 2864 1150 2927 Sedem
1176 2864 1370 2946 plenissimos

221 2979 328 3023 sensus
349 2981 454 3025 coram
471 2961 704 3025 luculentissime
731 2961 918 3042 significarit.
942 2961 1141 3025 Verissimum
1166 2981 1221 3024 vos
1242 2981 1315 3027 sene
1335 2963 1373 3025 ele

220 3056 312 3121 Nobis
326 3060 475 3138 judicium
487 3059 602 3139 facitis,
620 3079 709 3139 cnm,
730 3067 820 3142 prout
833 3060 979 3138 scribitis,
995 3061 1058 3122 Nos
1068 3079 1126 3123 non
1143 3068 1205 3122 tam
1220 3060 1369 3142 magnitu-

221 3157 307 3234 dine,
323 3161 451 3241 opibus,
468 3179 504 3222 ac
517 3161 630 3242 copiis,
642 3179 735 3241 quam
748 3160 916 3242 probitate,
939 3179 975 3221 ac
994 3159 1136 3239 religione
1155 3163 1326 3221 nostrorum
1339 3157 1370 3218 iu

221 3255 338 3318 Christo
362 3259 492 3319 tiliorum
515 3259 682 3340 permoveri
707 3258 892 3320 existimetis.
911 3259 980 3321 Hac
999 3257 1080 3319 enim
1097 3275 1168 3319 vera
1188 3275 1224 3319 ac
1238 3253 1369 3319 maxima

221 3353 380 3415 civitatum
391 3365 569 3417 ornamenta
580 3374 664 3433 esse,
686 3363 776 3436 atque
796 3355 865 3417 hinc
879 3355 1006 3418 solidam
1029 3354 1195 3418 earundem
1211 3371 1368 3417 commen-

220 3450 375 3514 dationem
398 3459 489 3534 atque
511 3453 671 3515 utilitatem
692 3454 842 3535 proficisci
869 3454 1019 3516 ducimus.
1043 3457 1179 3534 Cumque
1203 3469 1256 3515 vos
1273 3450 1368 3513 hisce

220 3549 360 3612 laudibus
377 3549 539 3612 instructos
555 3569 620 3613 csse
640 3551 765 3614 urinime
781 3551 873 3614 Nobis
894 3551 1022 3614 dubium
1043 3551 1097 3623 sit,
1120 3547 1307 3631 dignissuuos
1319 3549 1369 3623 id-‚

221 3649 302 3712 circo
313 3647 449 3712 arbitrati
461 3668 583 3726 summ,
596 3668 673 3729 quos
685 3648 841 3730 pontificia
858 3648 1003 3730 singulari
1018 3647 1143 3710 caritate
1156 3647 1370 3729 complectare

221 3766 301 3809 mur.
315 3751 412 3822 Quare
424 3767 495 3810 curu
506 3747 715 3829 opportunitas
728 3766 793 3809 sese
809 3747 983 3823 obtulisset,
1000 3745 1192 3808 libentissime
1203 3765 1260 3829 pro
1272 3753 1371 3808 restra

220 3848 565 3928 restraquercipublicae
586 3847 791 3909 incolumitate
811 3853 937 3928 paterna
958 3844 1056 3907 studia
1076 3852 1179 3906 nostra
1193 3843 1372 3933 interposui-

220 3962 300 4007 mus.
317 3945 452 4019 Quorum
462 3944 535 4005 dum
547 3945 751 4025 optatissimus
762 3942 859 4006 exitus
875 3962 968 4025 quam
981 3943 1113 4004 maxime
1128 3939 1285 4023 cupimus,
1295 3940 1371 4003 iute-

219 4044 278 4106 rim
289 4062 365 4106 rera
376 4043 590 4123 tranquilitatis
603 4063 639 4106 ae
647 4044 732 4124 pacis
745 4049 901 4105 auctorem
910 4046 1005 4104 Deum
1020 4041 1176 4122 Optimum
1190 4038 1370 4114 Maximum,

220 4141 326 4223 inquo
341 4161 449 4207 omncs
463 4143 567 4223 posite
581 4161 651 4221 spes
673 4160 736 4204 esse
748 4143 874 4220 debent,
897 4159 953 4222 pro
975 4149 1074 4201 vestra
1089 4138 1296 4201 incolumitate
1313 4136 1372 4198 de-

220 4241 336 4316 precari
349 4260 410 4303 non
426 4239 661 4302 intermittimus.
676 4240 738 4303 Vos
754 4239 847 4315 item,
867 4245 1016 4319 quantum
1028 4254 1209 4318 possumus,
1223 4232 1371 4296 cohorta-

220 4351 302 4410 mur,
312 4335 411 4399 dilecti
424 4339 476 4401 lilii
486 4337 601 4400 nobiles
613 4338 679 4415 riri,
693 4345 726 4399 ut
735 4337 840 4399 abhoc
848 4338 997 4400 bonorum
1006 4333 1232 4396 omniumloute
1240 4330 1371 4395 salutem

220 4437 351 4493 vestram
362 4436 487 4498 assidms
501 4437 640 4517 precibus
650 4437 813 4516 expetatis,
826 4443 857 4497 et
871 4454 942 4499 erun
953 4433 1086 4497 divinam
1096 4431 1291 4519 clenentiam
1300 4447 1371 4492 om·
