3194 5354
463 515 640 571 EPlSTOLAE
658 515 703 568 ET
721 513 856 567 Bnuvll
873 510 1101 568 SELEC'HORA.

774 692 812 758 V.

664 864 803 906 DlLECTlS
826 861 918 906 fluns

156 928 159 936 Ι
239 999 497 1062 vsxuurnno
517 999 565 1059 su
581 998 791 1084 ¹ruuomuus
811 995 1004 1058 crvrmrrs
1025 995 1188 1057 uosmu
1209 993 1343 1057 unnim

535 1146 769 1225 CLEMENS
795 1147 923 1223 ΡΑΡΑ
950 1144 1056 1223 XIV.

971 1325 1068 1383 Rome,
1084 1327 1113 1373 at
1127 1321 1188 1382 junii
1203 1325 1270 1372 tlte.

265 1426 390 1496 maere,
407 1429 460 1486 etc.
483 1426 586 1505 Neque
607 1424 761 1503 uberiora,
776 1445 872 1508 neque
892 1428 979 1490 nobis
992 1428 1109 1491 cariora
1118 1427 1216 1490 officia
1230 1428 1291 1488 ulla
1300 1444 1364 1488 esse

221 1529 360 1602 possunt,
370 1542 462 1604 quum
471 1542 538 1604 quae
553 1543 572 1585 a
586 1524 670 1586 vobis
683 1524 803 1588 luerunt
813 1528 853 1589 ob
868 1527 1054 1609 pontificiam
1066 1527 1241 1608 dignitatem
1254 1527 1292 1587 ad
1303 1528 1363 1588 Nos

221 1619 325 1683 divina
344 1621 503 1684 clementia
521 1621 652 1684 delatam
669 1623 776 1686 litteris
804 1625 892 1702 fidei,
913 1645 949 1687 ac
967 1625 1064 1688 filialis
1082 1625 1279 1687 observantiae
1302 1625 1364 1705 ple-

222 1719 350 1781 nissimis
369 1719 531 1782 Nobiscum
550 1727 683 1801 peracta.
705 1723 873 1804 Ampliores
890 1723 981 1785 etiam
999 1723 1146 1804 nobisque
1166 1721 1363 1802 jucundiores

221 1815 276 1877 has
288 1816 507 1880 letitiaevestrae
516 1816 746 1897 significationes
757 1819 951 1881 reddiderunt
962 1819 1138 1881 venerabilis
1153 1819 1245 1880 frater
1259 1825 1365 1880 noster

222 1915 353 1975 loannes
377 1915 553 1976 Franciscus
575 1915 606 1976 S.
631 1917 667 1977 ll.
688 1918 722 1977 E.
741 1917 898 1980 cardinalis
914 1919 1064 1997 Albanus,
1083 1925 1114 1980 et
1139 1918 1266 1980 dilectus
1285 1919 1365 1980 filius

222 2017 324 2072 noster
335 2011 513 2074 Benedictus
526 2014 557 2074 S.
569 2014 606 2074 R.
619 2015 654 2074 Ε.
668 2014 827 2077 cardinalis
840 2019 1006 2078 Veteranus
1018 2017 1098 2078 cives
1107 2017 1217 2093 Vestri,
1237 2036 1313 2097 quos
1324 2018 1365 2078 ob

221 2126 326 2170 eorum
346 2109 471 2172 eximias
493 2110 613 2189 laudes,
628 2129 663 2172 ao
677 2114 819 2193 preclara
841 2114 872 2176 in
885 2114 946 2176 Nos
967 2114 1076 2176 merite
1085 2114 1206 2195 plurimi
1222 2113 1362 2191 lecimus,

223 2226 257 2267 ac
269 2205 393 2267 mirifice
413 2205 582 2286 diligimus,
602 2207 654 2287 qui
675 2214 773 2269 vestro
794 2210 914 2272 nomine
937 2211 1170 2273 luculentissime
1195 2217 1364 2273 vestrorum

223 2304 392 2367 animorum
406 2323 520 2383 sensus,
531 2311 694 2385 vestrosque
701 2304 731 2365 in
743 2306 804 2367 Nos
811 2307 880 2369 fidei
890 2326 926 2369 ac
936 2307 1055 2388 pietatis
1065 2307 1306 2388 magnitudinem
1313 2311 1366 2369 no

222 2403 267 2464 bis
283 2403 482 2465 declararunt.
495 2405 565 2464 Haec
579 2402 669 2483 igitur
678 2409 845 2466 vestrorum
854 2405 884 2466 in
896 2405 957 2467 Nos
966 2405 1135 2467 studiorum
1146 2412 1208 2467 tam
1222 2407 1366 2487 preclara

222 2501 392 2564 testimonia
416 2500 585 2581 gratissimo
597 2500 698 2563 animo
718 2501 898 2583 excipimus,
915 2502 1069 2584 Vobisque
1081 2502 1210 2565 invicem
1239 2503 1366 2583 prolite-

221 2618 300 2677 mur,
309 2618 380 2680 erga
389 2617 452 2677 vos,
466 2617 502 2660 uc
509 2598 660 2660 civitatem
666 2599 766 2677 istam,
774 2618 866 2679 quam
879 2601 1009 2681 patriam
1019 2620 1054 2662 ac
1064 2607 1218 2682 parentem
1229 2608 1365 2663 nostram
1449 2638 1453 2643 -

221 2716 395 2779 nuncupare
403 2684 471 2777 jure
485 2715 657 2778 possumus,
667 2715 746 2760 nunc
758 2704 792 2759 ut
805 2698 991 2760 carissimam
1000 2697 1105 2777 liliam,
1121 2699 1362 2779 complectimur,

221 2797 401 2876 singularem
424 2781 560 2858 nostram
584 2815 648 2859 esse
669 2796 926 2873 benevolentiam,
949 2798 1069 2878 Nosque
1097 2815 1289 2878 summopere
1311 2798 1364 2858 be-

221 2894 294 2968 tari,
316 2893 398 2974 qupd
413 2894 529 2956 eximie
550 2912 631 2956 mmc
651 2893 888 2974 opportunitates
906 2892 1090 2974 suppeditari
1107 2900 1252 2974 poterunt
1271 2911 1365 2953 orna-

223 2990 331 3050 mentis
345 3008 380 3050 ac
395 2990 562 3052 commodis
578 2991 683 3051 vestris
695 2990 928 3070 amplificandis,
940 2995 1108 3068 nostraeque
1125 2996 1256 3069 paternae
1268 2989 1298 3049 in
1314 3007 1367 3048 sos

222 3085 319 3165 reipsu
341 3086 553 3146 confirmandae
575 3086 746 3146 voluntatis.
765 3088 862 3146 Sacrae
884 3105 920 3147 ac
936 3086 1155 3164 gloriosissimae
1182 3103 1273 3146 mem.
1296 3086 1366 3146 Cle-

224 3182 332 3243 mentis
345 3184 396 3242 xl.
417 3181 645 3243 Praedecessoris
667 3181 759 3242 nostri
779 3200 849 3242 cum
870 3187 985 3244 ceteras
998 3183 1122 3244 virtutes
1141 3181 1251 3244 imitari
1265 3182 1367 3243 utari·
1413 3243 1425 3266 x

222 3298 271 3341 me
279 3280 436 3356 vellemus,
445 3286 510 3340 tum
521 3285 602 3341 certe
612 3278 710 3340 studia
721 3279 751 3340 in
761 3278 846 3340 vobis
857 3278 999 3341 ornandis
1011 3298 1046 3341 ac
1056 3279 1137 3340 omni
1146 3277 1362 3340 beneficiorum
1467 3303 1469 3306 ·

222 3395 330 3457 genere
342 3376 556 3460 prosequendis
569 3375 702 3438 aemulari
720 3381 898 3456 satagemus.
915 3378 1027 3439 Verum
1044 3375 1109 3438 haee
1125 3375 1210 3437 vobis
1223 3374 1366 3436 cardina-

222 3475 263 3536 les
275 3473 448 3554 amplissimi
461 3474 540 3535 cires
554 3473 643 3535 vestri
661 3472 755 3534 lusius
769 3472 971 3552 perscribunt,
989 3490 1119 3554 quorum
1138 3472 1243 3534 litteris
1257 3473 1367 3534 nostrae

224 3571 252 3631 in
263 3589 316 3633 vos
330 3570 542 3633 benevolentia
555 3569 615 3631 vim
630 3569 788 3651 perspicue
807 3571 1003 3650 cognoscetis.
1024 3569 1146 3632 Interim
1152 3570 1366 3645 certissimum

225 3656 384 3749 pontificiae
408 3670 438 3730 in
457 3690 510 3732 vos
530 3669 663 3732 caritatis
679 3675 887 3751 argumentum
909 3670 1105 3750 apostolicum
1125 3640 1365 3743 benedictionem

227 3767 311 3828 vobis
325 3774 514 3849 peramanter
529 3767 726 3850 impertimur.
739 3769 851 3830 Datum
861 3769 974 3840 Rome,
986 3775 1058 3839 etc,
1072 3768 1121 3829 dte
1133 3779 1168 3828 ut
1183 3744 1366 3849 juniii-reo,

148 3870 151 3876 “
224 3870 525 3945 ponteficctusnostri
537 3885 616 3928 cano
630 3871 738 3946 primo.
1323 3880 1325 3885 ·
