3194 5354
192 489 229 536 40
623 478 828 534 Chemmis
842 478 908 531 xlv

192 585 351 648 tummodo
366 584 556 646 tribuendam
573 589 765 661 cognoscent.
781 586 879 656 Quare
895 581 985 642 alacri
1005 581 1106 642 auimo
1119 580 1157 641 ad
1172 580 1352 643 niaximum

191 683 401 746 sustinendum
415 701 492 743 onus
511 681 699 756 accedimus,
711 686 742 741 et
754 699 819 760 quo
829 676 997 759 potentiore
1019 676 1129 737 auxilio
1148 676 1293 753 fidimus,
1307 695 1352 739 eo

191 780 307 858 majore
323 777 423 842 studio
439 777 634 852 connitimur,
649 784 680 837 et
700 776 740 838 ob
761 776 857 855 ipsam
872 774 1020 850 muneris,
1037 772 1075 834 ad
1093 771 1176 852 quod
1198 773 1348 854 appellati

192 896 313 955 sumus,
327 876 546 956 praestantiam,
561 875 671 947 nullas,
690 894 756 955 qua
770 874 890 936 aNebis
903 875 932 934 iu
943 893 980 935 co
990 871 1196 953 perfungendo
1210 871 1346 934 conferri

192 984 334 1059 possunt,
350 975 517 1037 sedulitatis
527 992 563 1036 ac
579 974 731 1036 industria
745 981 845 1055 partes
860 972 968 1032 nimias
981 989 1045 1032 esse
1054 970 1238 1049 judicamus.

232 1077 329 1147 Quam
341 1071 464 1152 quidem
480 1060 746 1132 administrationis
766 1075 873 1130 nostre
886 1068 1034 1130 rationem
1046 1068 1120 1129 dum
1140 1066 1260 1129 assidue
1271 1087 1347 1130 veru

192 1188 295 1231 sarnus
319 1168 438 1244 auimo,
461 1175 552 1248 atque
574 1186 611 1228 ex
629 1165 688 1228 hac
702 1165 849 1228 altissima
871 1165 1041 1246 apostolica
1067 1165 1146 1227 sedis
1166 1166 1291 1246 specula
1313 1167 1345 1228 in

192 1286 297 1329 omnes
310 1265 465 1328 christiani
476 1265 559 1327 orbis
569 1265 705 1344 regiones
720 1266 824 1327 oculos
840 1263 1060 1340 convertimus,
1073 1282 1127 1326 vos
1135 1263 1344 1344 potissimum,

101 1424 105 1430 ,
192 1361 384 1424 venerabiles
399 1361 530 1437 Fratres,
543 1359 660 1422 excelso
671 1365 702 1420 et
721 1359 827 1421 illustri
840 1359 906 1420 loco
927 1358 1042 1439 positos
1062 1361 1228 1436 iutuemur,
1239 1367 1344 1422 vestro

192 1467 355 1541 conspectu
373 1476 557 1536 recreamur,
587 1476 640 1520 vos
673 1457 825 1537 adjutores
845 1464 981 1534 nostros,
998 1475 1052 1519 vos
1075 1456 1219 1518 dominici
1242 1460 1345 1538 gregis

191 1557 345 1634 custodes,
358 1555 844 1635 acevangelicavineeoperaries
854 1572 975 1617 sununa
987 1553 1079 1615 animi
1091 1553 1185 1614 nostri
1197 1554 1342 1632 iucundi·

191 1662 254 1717 tate
267 1653 468 1734 agnoscimus.
485 1653 541 1726 Qui
555 1652 645 1732 igitur
656 1658 766 1714 nostrie
780 1651 988 1713 sollicitudinis
1001 1656 1119 1732 partem
1129 1650 1296 1729 sustinetis,
1312 1653 1344 1714 in

192 1753 258 1832 ipso
270 1751 464 1832 Apostolatus
477 1750 572 1811 nostri
586 1750 709 1811 exordio
723 1749 834 1829 alloqui
855 1768 908 1810 vos
923 1749 1054 1810 maxime
1075 1747 1231 1829 cupimus,
1249 1755 1344 1830 atque

193 1850 224 1910 in
238 1850 337 1910 sinum
347 1853 480 1910 vestrum
492 1847 614 1910 intimos
628 1848 737 1909 mentis
751 1853 859 1908 nostra
872 1865 976 1908 sensus
989 1845 1143 1907 effundere
1151 1869 1160 1922 3
1174 1852 1206 1907 et
1222 1846 1247 1906 si
1266 1847 1342 1927 quid

192 1965 247 2007 vos
265 1946 297 2007 in
310 1943 439 2006 Domino
457 1945 583 2020 hortari,
604 1964 639 2007 ae
657 1963 850 2008 commouere
870 1944 1049 2021 videbimur,
1071 1943 1101 2005 id
1115 1943 1167 2004 vet
1182 1950 1289 2005 nostro
1303 1944 1343 2005 de

190 2042 285 2105 Nobis
298 2041 370 2122 ipsis
382 2041 482 2103 timori
494 2041 616 2104 tribuite
627 2088 635 2119 ,
646 2043 692 2102 vel
706 2041 875 2121 proiectum
888 2060 905 2103 a
916 2048 1022 2103 vestra
1035 2040 1171 2116 virtutis,
1185 2058 1221 2102 ac
1232 2040 1264 2102 in
1278 2042 1342 2104 Nos
1406 2098 1408 2104 .

190 2136 625 2220 pietatisfiduciaexistimate.
1404 2156 1409 2167 ·

230 2239 275 2297 bc
288 2234 421 2317 primum
434 2253 577 2313 rogamus
591 2255 644 2297 vos
658 2237 694 2294 V.
711 2239 744 2297 F.
760 2255 795 2298 ac
805 2236 1012 2312 obsecramus,
1025 2253 1062 2296 ne
1073 2252 1206 2314 uuquam
1218 2236 1343 2298 miseri-

190 2334 362 2395 cordiarum
373 2335 494 2393 Patrem
506 2350 563 2412 pro
575 2332 780 2395 imbecillitate
792 2338 896 2394 nostra
908 2333 1013 2394 Divino
1024 2331 1161 2413 prasidio
1173 2333 1343 2396 munienda

190 2429 344 2509 deprecari
355 2428 570 2489 intermittatis.
581 2428 707 2490 Reddite
719 2430 798 2491 hauc
806 2429 900 2492 Nobis
909 2429 1021 2491 amoris
1033 2447 1104 2509 erga
1117 2447 1172 2491 vos
1183 2430 1282 2491 raostri
1295 2431 1342 2491 vi-

191 2546 272 2604 cem,
285 2535 375 2608 atqne
388 2529 431 2588 ita
446 2534 553 2589 mutua
564 2547 689 2608 precum
704 2536 872 2591 vestrarmn
884 2527 1017 2591 subsidia
1030 2529 1198 2590 Nobiscum
1206 2529 1343 2607 coujun-

189 2625 264 2704 gite,
279 2630 313 2685 nt
324 2624 412 2686 alteri
423 2623 462 2684 ab
473 2623 574 2684 alteris
582 2624 809 2705 quodammodo
819 2624 975 2686 sustentati
985 2623 1109 2685 firmiori
1120 2622 1221 2703 gradu·
1231 2641 1344 2689 omnes

191 2721 342 2803 possimus
352 2721 1158 2805 insuaquisquestationeconsistere.Hacpotissimum
1166 2722 1345 2787 animorum

165 2810 168 2814 ⁴
190 2818 404 2896 conjunctione
428 2819 528 2896 illam,
549 2819 578 2881 in
595 2839 656 2901 qua
672 2822 836 2884 Nobiscmn
856 2822 1057 2901 coagmentati
1078 2820 1166 2896 estis,
1191 2822 1344 2885 unitatem.

189 2916 438 2997 comprobabitis.
446 2918 545 2978 Unum
554 2918 666 3000 quippe
676 2921 818 2982 totiusest
827 2918 1271 2997 Ecclesieedificium,cujusin
1279 2920 1340 2983 bac

189 3016 259 3078 sede
267 3035 285 3078 a
293 3016 384 3078 beato
392 3016 621 3096 Petropositum
630 3017 921 3079 estsundameutum.
934 3019 1019 3080 llulti
1032 3017 1149 3079 adillud
1160 3023 1341 3081 construen-

188 3112 262 3175 dum
276 3113 429 3190 coniuncti
444 3113 655 3193 suntlapides,
671 3114 724 3176 sed
736 3132 841 3176 omnes
855 3134 944 3196 super
958 3133 1019 3177 una
1030 3121 1114 3196 petru
1130 3115 1291 3176 firmantur
1302 3134 1340 3178 ac

188 3210 367 3269 innituntur.
382 3208 484 3269 Unum
493 3216 539 3270 ast
554 3210 692 3274 Ecclesia
700 3228 821 3291 corpus,
834 3213 920 3290 cujus
931 3212 1064 3274 Christus
1079 3218 1125 3274 est
1136 3217 1239 3292 eaput,
1255 3229 1293 3273 ac
1307 3213 1343 3274 in

189 3303 263 3364 illud
272 3321 377 3364 omnes
385 3303 592 3366 coalescimus.
607 3308 668 3367 Nos
676 3307 769 3386 ipsius
778 3306 1344 3388 potestatisvicariamprocurationem

189 3406 326 3479 gerentes
349 3401 456 3461 ceteris
471 3400 558 3461 altius
572 3401 623 3464 illo
637 3403 754 3464 volente
767 3404 970 3484 presidemus.
988 3405 1048 3466 Vos
1067 3422 1139 3465 vero
1157 3421 1219 3466 uua
1232 3405 1342 3468 Nobis·

189 3516 259 3559 cum
278 3497 408 3578 colligati
431 3503 576 3578 tanquam
587 3517 658 3560 eum
671 3499 775 3561 visibili
790 3501 927 3562 Ecclesia
939 3501 1037 3583 capite
1048 3501 1182 3581 potiores
1200 3501 1339 3581 ejusdem

187 3597 323 3678 corporis
345 3603 446 3678 partes
470 3598 551 3659 estis.
572 3598 647 3674 Quid
670 3599 795 3680 proinde
816 3600 940 3680 singulis
960 3599 1095 3662 accidere
1115 3607 1234 3681 potest,
1256 3603 1340 3682 quod

187 3695 341 3756 universos
359 3714 419 3756 non
431 3695 553 3772 alliciat,
567 3715 663 3777 neque
678 3697 716 3758 ad
731 3715 975 3777 unumquemque
989 3700 1167 3778 promanat?
1183 3699 1344 3771 Quemad-

187 3790 312 3851 modum
328 3790 428 3870 itaque
442 3791 516 3852 nibil
535 3799 635 3874 potest
644 3794 828 3874 peculiarem
839 3795 985 3874 cujusque
999 3801 1131 3855 vestrum
1151 3795 1343 3875 vigilantiam

186 3905 371 3969 exposcere,
386 3889 467 3968 quod
481 3893 591 3953 nostris
605 3893 677 3954 item
692 3894 772 3954 curis
791 3892 1022 3972 comprehendi,
1037 3893 1075 3954 ad
1096 3894 1216 3971 Nosque
1232 3893 1341 3957 reterri

185 4005 246 4049 nou
259 3985 388 4061 debeat,
405 3986 446 4046 ita
460 3987 597 4050 arbitrari
619 3989 736 4051 debetis
759 4006 940 4069 magnopere
954 3996 1051 4051 vestra
1071 3989 1228 4063 interesse,
1243 3990 1342 4068 quid-

186 4083 258 4162 quid
274 4083 313 4146 ad
324 4083 386 4144 Nos
398 4082 545 4163 pertinet,
560 4092 755 4164 nostramque
774 4102 900 4163 operam
912 4104 947 4145 ac
964 4085 1149 4165 diligentiam
1171 4084 1339 4151 desiderat.

187 4180 372 4263 Quapropter
387 4199 447 4242 una
467 4182 656 4244 voluntatum
677 4180 871 4242 consensione
893 4183 1064 4258 conjuncti,
1086 4200 1146 4244 uno
1166 4179 1342 4262 eodemque

188 4274 308 4340 animati
323 4280 452 4360 Spiritu,
467 4278 518 4358 qui
532 4298 549 4339 a
564 4279 691 4359 mystico
706 4276 756 4336 illo
771 4274 868 4353 capite
889 4277 1055 4356 profluens,
1072 4298 1107 4340 ac
1120 4295 1174 4358 per
1196 4277 1342 4344 universa

187 4374 320 4437 membra
340 4378 468 4440 diffusus
486 4377 578 4438 vitam
593 4373 744 4454 ¹omnibus
769 4370 922 4452 dispertit,
949 4374 1129 4436 contendere
1154 4391 1279 4452 omnes,
1302 4396 1344 4439 ac

186 4464 256 4532 dare
274 4493 398 4555 operam
413 4473 578 4556 pracsertim
599 4471 762 4546 debemus,
784 4474 816 4528 ut
831 4467 967 4530 Ecclesia
988 4470 1101 4550 Corpus
1116 4471 1269 4550 integrum
1289 4479 1344 4535 at-
