3194 5354
322 491 375 542 ³⁷8
752 486 956 541 cumanus
973 486 1039 541 xlv

320 593 350 653 ia
367 591 483 653 Glaristo
497 594 616 667 Patres,
632 591 720 652 amici
732 591 914 653 charissimi!
926 594 969 652 Ex
988 590 1067 653 datis
1085 589 1124 651 ad
1137 592 1198 652 Nos
1216 610 1234 651 a
1249 591 1481 657 Reverendissi

318 689 377 752 mis
393 689 624 751 Paternitstibus
636 689 742 749 vestris
754 688 802 750 die
821 687 1064 768 vigesimatertia
1082 687 1192 749 mensis
1204 705 1303 768 nuper
1319 688 1421 769 elapsi
1438 690 1481 752 ii—

317 788 390 850 teris
401 787 486 867 gravi
506 788 696 869 percepimus
712 806 855 864 rurrore,
873 804 1027 848 summum
1045 786 1184 848 Eccleds
1202 787 1385 852 Pontilioem
1408 790 1482 853 αο-

318 888 451 942 merrtem
478 883 633 944 Decimum
662 891 805 965 quartum
826 881 1002 961 gravissimo
1022 881 1200 962 implicitum
1224 884 1372 948 morboe
1402 885 1482 950 vivis

317 979 496 1055 excessisse,
509 980 673 1060 plurimam
688 980 769 1041 enim
779 998 851 1042 cum
863 979 936 1060 ipsis
947 997 1064 1040 accunt
1075 978 1212 1042 universa
1229 981 1368 1042 Ecclesia
1375 985 1481 1060 iaetu·

318 1093 384 1137 ram
397 1075 561 1156 digninimi
572 1076 708 1156 eiusdem
717 1077 824 1157 capitis
838 1076 1269 1157 dolemns‚quideGhristiani
1278 1080 1387 1160 populi
1399 1099 1481 1161 pecc

317 1191 354 1234 ac
370 1174 584 1256 tranquillitate
597 1174 761 1252 linnanda,
781 1176 987 1256 servandaque
1007 1195 1040 1238 se
1057 1195 1204 1257 mmuam
1221 1179 1478 1243 commendatam

317 1272 461 1350 reddidit,
481 1274 584 1354 sieque
603 1273 733 1354 propriis
753 1273 894 1335 Ecclesiae
907 1272 1074 1335 commodis
1086 1292 1147 1335 non
1164 1273 1265 1337 ndnrrs
1279 1293 1374 1356 quam
1388 1295 1480 1340 eom-

316 1372 401 1432 muni
415 1373 504 1434 saluti
516 1372 642 1454 provide
651 1372 824 1434 consulerit

356 1470 454 1530 Vestri
473 1488 555 1531 nunc
565 1470 624 1532 erit
636 1456 886 1532 Revercldissimi
898 1471 1019 1546 raus,
1039 1468 1168 1549 Spiritus
1186 1469 1288 1532 Sancti
1305 1468 1404 1533 ductu
1428 1481 1478 1535 ta·

316 1570 395 1632 lem
387 1589 417 1631 m
429 1571 495 1648 ejus
505 1571 607 1632 lomim
615 1570 745 1650 ‹kligere
756 1568 933 1631 Pontificem
941 1587 1010 1650 ,qur
1002 1567 1134 1648 dignus
1145 1567 1224 1631 illim
1237 1588 1396 1633 successor
1404 1574 1475 1653 pari

316 1667 478 1730 concordia
486 1667 630 1748 pacisque
643 1665 742 1728 studio
755 1666 914 1727 elucescat.

356 1767 442 1826 lianc
461 1764 647 1846 peculim
660 1764 724 1826 lore
737 1763 889 1845 presentis
908 1761 1060 1825 conclavis
1073 1780 1197 1840 curata,
1210 1763 1297 1826 enisa
1312 1770 1414 1828 vestra
1431 1767 1475 1829 de

315 1859 455 1921 Ecclesia
475 1860 556 1922 bono
570 1868 600 1922 et
619 1860 658 1922 de
672 1859 846 1922 Christiane
859 1858 1041 1940 Reipublicae
1056 1859 1223 1922 rationibus
1240 1859 1412 1925 sollicitudo
1426 1862 1475 1926 in-

315 1956 441 2019 dubiam
460 1958 573 2039 prabet
591 1957 735 2020 fiduciam
750 1981 758 2019 :
776 1975 903 2037 quasque
920 1962 1093 2018 nostrarum
1106 1963 1177 2018 eunt
1187 1957 1335 2036 partium,
1350 1957 1427 2022 cinit
1440 1960 1474 2022 in

314 2053 352 2116 iis
370 2056 636 2136 pretermittenus
648 2101 657 2133 ,
668 2075 737 2137 quae
751 2055 790 2117 ad
803 2055 895 2117 Primi
908 2055 1048 2118 Ecclesiae
1061 2055 1221 2118 Catholicae
1233 2055 1284 2117 filii
1294 2103 1303 2130 ,
1313 2057 1474 2135 ejusdem-

314 2171 375 2234 que
398 2173 435 2216 ac
457 2153 543 2218 Sedis
562 2153 741 2236 apostolica
765 2152 902 2215 advocati
926 2158 958 2215 et
982 2151 1145 2214 defensoris
1171 2171 1285 2215 munus
1301 2155 1472 2235 pertinent„

315 2250 419 2333 s'cque
429 2269 491 2314 non
505 2250 604 2313 minor
617 2257 722 2313 nostra
737 2249 795 2312 erit
805 2268 879 2312 carra
889 2250 921 2312 in
940 2248 1090 2311 fulciendo
1105 2266 1229 2330 semper
1241 2249 1320 2314 iuter
1331 2253 1474 2316 sacerdo-

315 2349 391 2410 tium
405 2349 605 2430 etimperium
618 2350 766 2411 constanti
780 2347 917 2430 felicique
929 2367 1007 2412 nexu
1020 2393 1027 2410 .

354 2446 584 2510 Desincerislris
596 2447 688 2508 animi
697 2448 791 2509 nostri
802 2449 939 2510 oensibm
949 2447 1130 2512 constitutus
1139 2447 1473 2528 hucusquepenesNos

314 2541 398 2602 Sedis
410 2543 591 2623 spostolicae
606 2545 730 2608 nuntius
741 2545 1189 2609 Reverendissimustlardinalis
1198 2544 1349 2625 Eugenius
1362 2563 1381 2606 c
1394 2546 1471 2608 Vioe

315 2637 476 2698 comitibus
495 2656 553 2718 pro
571 2646 707 2719 spectata
725 2659 780 2702 sua
794 2641 963 2720 integritate
986 2661 1024 2704 aa
1039 2642 1145 2722 insigni
1160 2641 1360 2723 perspicacia,
1378 2641 1470 2705 vobis

314 2735 409 2797 fidum
428 2736 510 2798 haud
530 2735 619 2798 dubie
633 2737 737 2799 reddet
758 2737 989 2815 documentum,
1006 2740 1122 2821 hosque
1140 2741 1258 2820 insuper
1272 2737 1472 2803 confirmabit

316 2841 378 2896 tam
390 2832 664 2896 Reverendissimus
678 2834 842 2896 Gerdinalis
855 2836 1024 2898 Alexander
1037 2837 1188 2914 Albanus,
1203 2855 1295 2917 quam
1309 2835 1472 2916 designan-

314 2931 372 2994 dus
383 2931 421 2994 ad
434 2919 743 2995 conclave'caesareus
759 2937 861 2993 noster
879 2938 991 2994 orator.
1011 2937 1048 2994 Et
1061 2934 1142 3014 quod
1152 2952 1240 3014 super
1252 2941 1299 2994 ost
1312 2935 1471 2995 Reveren-

314 3028 444 3091 dissimis
466 3028 699 3091 Paternitatibus
710 3028 825 3090 Vestris
841 3029 982 3091 omnibus
1002 3038 1033 3091 et
1057 3030 1179 3110 singulis
1202 3029 1417 3092 benevolentiae
1437 3038 1471 3092 et

313 3126 415 3205 gratiae
428 3134 536 3188 nostra
555 3128 694 3188 Caesareae
710 3124 853 3186 allectum
864 3124 947 3188 hisce
960 3145 1163 3208 perpropense
1177 3126 1330 3208 impertire
1348 3133 1380 3188 et
1397 3146 1471 3189 cen-

308 3227 433 3289 tirmare
445 3228 594 3289 volumus.
607 3229 722 3289 Datum
733 3228 869 3297 Viennae,
878 3227 928 3288 die
943 3238 978 3288 19
991 3229 1118 3289 octobris
1129 3246 1210 3288 anno
1221 3229 1384 3288 millesimo
1397 3247 1469 3306 scp-

317 3330 530 3403 tinqentcstmo
545 3329 763 3405 septunce-timo
780 3329 898 3404 qundo,
913 3330 1001 3404 requi
1014 3330 1111 3387 nostra·
1121 3324 1289 3386 undecim

1185 3441 1374 3498 JOSEPHUS.

859 3550 978 3604 Pactus
999 3553 1158 3604 Ausonius
1178 3550 1317 3604 Guunau.

856 3639 900 3688 ν’.
915 3638 966 3692 Ca.
988 3639 1139 3692 Parncsrs
1157 3637 1347 3693 marnasco.

799 3742 979 3752 m—

810 3836 973 3907 cccxlii.

579 3983 746 4028 cuarssruo
768 3986 801 4027 tu
825 3986 957 4030 currere
981 3984 1059 4034 staro
1081 3988 1198 4030 nesano

315 4072 510 4134 aunovtco
537 4073 721 4134 AUGUSTO
742 4075 982 4136 PRANCORUM
1008 4077 1101 4136 REGI
1123 4075 1471 4141 cuatsrmnlssuto

704 4166 816 4258 PIUS
844 4182 970 4259 ΡΑΡΛ
1000 4182 1067 4258 Vl.

1071 4317 1161 4373 mu,
1175 4322 1206 4366 ra
1216 4314 1322 4375 imarii
1330 4314 1400 4364 1783.

356 4399 530 4468 Cariniana,
543 4406 597 4460 otc.
613 4403 687 4461 Cum
699 4401 831 4482 primum
846 4402 988 4463 nrtnciata
999 4402 1091 4464 Nobis
1101 4410 1189 4465 erant
1196 4421 1249 4479 aa,
1261 4420 1328 4482 quc
1341 4401 1373 4463 in
1386 4402 1467 4465 Alba

316 4490 421 4555 nussia
439 4493 603 4575 Episcopus
622 4499 771 4560 ltlallensis
784 4519 870 4577 agere
885 4507 1017 4580 coeperat
1028 4519 1064 4561 ex
1081 4501 1274 4562 facultatibus
1288 4503 1340 4578 (nt
1354 4499 1467 4580 ipsein
