3194 5354
479 487 663 543 EPlSTOLAE
681 488 728 542 ET
747 487 879 543 enavit
899 485 1132 542 selencrtortt.
1346 497 1381 547 ea

215 668 217 672 Α
232 591 336 655 lerunt
354 591 512 672 pontificia
528 591 722 672 benignitatis
735 599 947 669 monumenta,
962 591 1022 652 Nos
1036 592 1127 657 edam
1148 598 1178 652 et
1194 594 1299 655 vestris
1313 614 1380 657 nte-

232 689 299 751 ritis
310 697 341 750 et
360 688 503 769 petitione
516 689 664 768 permoti,
678 695 828 760 eteorum
848 707 919 769 erga
940 707 993 750 vos
1007 689 1140 751 emulari
1152 690 1308 753 caritatem
1324 712 1380 752 vo-

231 785 325 847 lentes
340 783 379 847 ad
389 804 443 847 vos
453 785 515 846 bac
529 784 717 846 conscribere
729 785 884 862 duximus,
899 785 998 846 dilecti
1013 783 1076 860 filii,
1090 792 1124 846 ut
1138 793 1273 858 nostrum
1286 789 1379 851 etiam

231 881 288 944 illis
297 900 357 944 non
367 882 513 964 imparem
522 889 681 963 paternum
690 900 761 961 erga
773 883 947 944 societatem
957 887 1086 942 vestram
1097 882 1231 942 animum
1239 901 1379 964 agnosce·

230 977 311 1039 retis.
323 980 402 1053 Quas
408 977 592 1059 jampridem
605 978 706 1058 itaque
719 979 770 1048 Sa.
783 979 873 1042 Mem.
889 979 1025 1040 Clemens
1038 979 1105 1038 xttt
1120 978 1223 1041 advos
1239 979 1378 1044 informa

230 1075 327 1138 brevis
336 1076 419 1139 dedit
427 1078 557 1153 litteras,
571 1095 613 1138 era
627 1082 697 1138 sunt
705 1071 882 1155 hujusmodi
899 1076 1089 1138 :Venerabili
1105 1077 1201 1139 Fratri
1218 1079 1377 1141 Franciseo

228 1172 370 1255 episcopo
381 1173 521 1236 sarnensi
531 1172 735 1253 gubernatori,
749 1191 785 1234 ac
794 1172 912 1234 dilectis
922 1171 990 1234 liliis
1002 1171 1213 1251 confratribus,
1224 1181 1296 1251 etc,
1309 1176 1378 1238 Gle-

229 1279 313 1331 mens
322 1289 403 1354 papa
411 1273 489 1334 Xlll.
501 1269 686 1335 Venerabilis
699 1271 815 1348 Frater,
826 1277 886 1333 etc.
903 1273 1058 1332 imeretur
1069 1271 1265 1341 bracedestan
1276 1274 1327 1334 die
1339 1286 1372 1335 21

227 1369 396 1429 novembris
416 1377 491 1430 tres
503 1386 595 1448 aspare
612 1369 653 1428 ad
662 1367 752 1428 verba
762 1370 922 1445 cajetanus
933 1371 1074 1440 Amatam
1093 1369 1161 1428 Hac
1175 1366 1288 1430 idcireo
1299 1389 1377 1450 pra-

227 1461 421 1527 decessorum
443 1471 581 1527 nostrum
602 1482 673 1544 erga
694 1482 748 1527 vos
767 1464 901 1527 caritatis
915 1471 1111 1526 monumenta
1125 1460 1375 1543 commemorare,

231 1560 332 1624 dilecti
351 1561 403 1625 dlii
416 1608 425 1640 ,
440 1562 605 1639 voluimus,
625 1571 658 1624 ut
680 1564 803 1640 eadem,
829 1582 896 1643 qua
918 1563 1031 1625 ibidem
1045 1563 1130 1624 vobis
1153 1563 1269 1625 indulta
1289 1573 1374 1642 sunt,

228 1660 288 1722 Nos
297 1660 390 1724 etiam
399 1660 564 1742 apostolica
575 1661 753 1724 auctoritate
763 1678 825 1723 non
836 1661 934 1722 solum
946 1659 1137 1738 confirmare,
1153 1677 1256 1723 verum
1269 1661 1374 1733 etiam,

229 1762 377 1837 quatenus
389 1776 467 1839 opus
480 1757 535 1834 sit,
550 1755 715 1819 concedere
728 1757 926 1837 cognoscatis.
941 1756 1016 1819 lllud
1029 1763 1110 1819 certe
1121 1756 1255 1820 officinm
1270 1757 1300 1826 in
1314 1759 1375 1820 Nos

227 1860 360 1917 vestrum
379 1854 472 1918 Nobis
493 1853 684 1917 vehementer
707 1860 866 1935 acceptum
885 1853 957 1931 fuit,
975 1873 1036 1934 qno
1048 1872 1159 1917 nomen
1180 1861 1318 1918 nostrum
1343 1857 1372 1916 in

228 1958 327 2014 vestro
349 1951 499 2014 tabidario
518 1949 663 2028 describi,
678 1951 937 2032 nosquemetipsos
956 1951 1103 2021 intervos
1124 1951 1295 2020 causariae
1314 1970 1375 2014 nu-

224 2049 335 2112 merari
349 2048 493 2129 petiistis,
505 2055 594 2128 atque
612 2047 655 2109 ita
669 2046 840 2126 hujusmodi
854 2047 1006 2128 postulato
1017 2054 1116 2110 vestro
1135 2048 1326 2124 assentimur,
1339 2055 1372 2109 ut

225 2145 357 2207 maxime
370 2144 558 2207 confidamus
571 2143 662 2206 Nobis
681 2144 711 2206 in
729 2145 818 2207 istam
836 2146 1010 2208 societatem
1031 2145 1152 2208 adscitis
1164 2145 1250 2209 valde
1264 2145 1372 2227 prolu-

227 2249 310 2304 turas
322 2261 387 2305 esse
401 2242 623 2304 obsecrationes
636 2247 750 2303 vestras
769 2261 804 2303 ac
818 2242 855 2303 de
873 2242 930 2322 piis
944 2242 1098 2304 laboribus
1116 2260 1193 2324 quos
1204 2243 1240 2303 'in
1255 2241 1374 2304 aninm-

226 2356 294 2400 rum
303 2340 431 2402 salutern
442 2337 594 2422 peragitis,
605 2337 824 2400 redundaturos
835 2338 865 2400 in
875 2340 935 2401 Nos
946 2339 1038 2402 etiam
1048 2340 1164 2420 aliquos
1173 2338 1372 2417 essefructus,

224 2436 333 2516 quibm
350 2436 382 2498 in
399 2435 551 2517 fungendo
563 2434 742 2515 gravissimo
760 2434 818 2497 boc
835 2439 1020 2517 apostolatus
1034 2455 1159 2500 munere
1170 2438 1371 2515 subleaamur.

225 2536 323 2615 thue
334 2534 430 2616 magis
444 2533 659 2614 benignitatem
670 2551 706 2595 ac
715 2533 872 2596 caritatem
883 2553 955 2615 erga
966 2553 1020 2597 vos
1033 2542 1169 2598 nostram
1181 2536 1371 2617 percipiatis,

224 2630 307 2693 alteri
325 2631 417 2694 etiam
439 2632 591 2714 postrdato
613 2638 713 2694 vestre
728 2631 854 2695 libenter
877 2633 1051 2710 annuimus,
1071 2634 1216 2714 vobisque
1235 2633 1373 2713 indulge-

222 2745 305 2806 mus,
323 2737 355 2791 ut
366 2730 483 2811 quoties
497 2730 603 2812 procul
618 2729 744 2811 Neapoli
763 2746 885 2810 peregre
901 2731 940 2793 ad
952 2731 1042 2792 vestri
1057 2730 1184 2793 instituti
1202 2729 1373 2804 subeundos

213 2825 342 2889 labores
355 2827 524 2890 sacerdotes
540 2827 705 2891 confratres
718 2829 807 2890 vestri
827 2836 1002 2906 excurrant,
1022 2830 1045 2892 si
1065 2829 1107 2890 ita
1124 2844 1246 2890 necesse
1263 2827 1318 2902 sit,
1335 2827 1372 2912 in

224 2922 382 2999 domibus,
397 2924 448 2985 ubi
460 2925 602 3006 hospitati
611 2925 749 3000 fuerunt,
762 2926 856 2987 altare
867 2927 980 3005 erigere
993 2925 1125 3007 possint,
1144 2925 1175 2985 in
1188 2940 1284 3002 eoque
1296 2923 1373 2984 mis-

224 3037 290 3081 sam
303 3020 455 3082 celebrare
466 3023 602 3098 valeant,
617 3041 683 3102 qua
693 3040 799 3083 eorum
811 3023 919 3097 missa,
935 3025 958 3084 si
974 3024 1003 3084 in
1018 3022 1123 3084 diebus
1137 3021 1220 3081 festis
1236 3019 1373 3098 contige·

222 3115 262 3177 rit
271 3116 432 3193 celebrari,
448 3114 627 3196 suffragetur
645 3117 675 3177 in
690 3117 828 3196 precepti
844 3116 1112 3197 adimplementum
1123 3135 1179 3198 pro
1193 3115 1373 3180 omnibuset

224 3211 348 3291 singulis
360 3211 425 3273 aliis
441 3211 660 3290 confratribus,
675 3213 727 3293 qui
740 3213 929 3284 associatioui
947 3217 1122 3293 intererunt,
1138 3232 1174 3277 ac
1187 3220 1372 3294 preteream

223 3307 395 3372 sacerdotes
410 3308 575 3373 confratres
589 3311 627 3373 ad
641 3310 831 3398 excipiendas
849 3311 1049 3375 confessiones
1063 3312 1093 3372 in
1107 3311 1227 3373 civitate
1239 3325 1281 3374 ‘se
1293 3311 1371 3398 diee-

222 3407 282 3468 cesi
299 3407 495 3488 Neapolitana
505 3410 662 3488 approbati
672 3409 779 3470 eadem
791 3408 942 3486 facultate,
955 3427 1021 3490 qua
1034 3408 1105 3488 ipsis
1118 3409 1148 3470 in
1159 3407 1241 3470 dicta
1251 3408 1372 3476 civitate

224 3522 259 3565 ac
271 3503 389 3566 dioecesi
399 3504 544 3584 competit
555 3505 655 3585 vigore
668 3505 910 3586 approbationis,
925 3508 954 3568 in
967 3506 1123 3569 itineribus
1136 3524 1192 3587 pro
1205 3510 1371 3574 exercendo

224 3599 349 3662 instituti
362 3600 529 3662 ministerio
548 3603 694 3682 susceptis
715 3602 753 3664 ad
773 3602 804 3664 id
820 3604 1010 3667 solummodo
1028 3605 1070 3666 uti
1088 3605 1223 3681 valeant,
1242 3611 1281 3665 ut·
1297 3607 1371 3674 alter

225 3695 307 3758 alteri
325 3703 548 3759 sacramentum
565 3699 744 3778 poenitentiae
757 3699 886 3761 vicissim
908 3701 1116 3763 administrare
1130 3701 1209 3764 licite
1224 3718 1259 3763 ac
1273 3702 1369 3763 valide

224 3794 329 3872 pessit.
347 3796 433 3872 Hac,
449 3794 548 3856 dilecti
563 3795 627 3871 lilii,
643 3796 727 3857 vobis
743 3795 855 3858 idcireo
867 3797 1039 3878 elargimur,
1057 3804 1090 3860 nt
1109 3805 1139 3860 et
1152 3804 1260 3860 nostra
1272 3798 1370 3879 injvos

224 3891 463 3971 propensissime
481 3893 626 3954 voluntati
639 3892 804 3972 pietatique
823 3892 1059 3973 satisfaciamus,
1074 3901 1105 3957 ct
1118 3913 1171 3958 vos
1183 3895 1275 3966 etiam
1288 3894 1370 3958 hisce

226 3988 380 4051 beneficiis
391 3991 501 4052 nostris
513 3990 677 4052 excitemus
690 3991 728 4052 ad
736 4009 789 4053 eos
798 4010 883 4072 aquo
894 3991 994 4057 animo
1005 4011 1040 4055 ac
1052 3993 1189 4056 alacriter
1198 3992 1370 4056 subeundos

224 4085 414 4168 labores,qui
423 4087 461 4148 ad
468 4087 638 4149 animarum
647 4086 775 4147 salutem
786 4086 969 4162 conducunt,
982 4107 1018 4149 ao
1028 4088 1112 4151 istius
1125 4088 1249 4150 instituti
1261 4088 1369 4150 rationi

223 4182 354 4245 maxime
363 4183 564 4246 consentiunt.
577 4184 675 4264 Atque
685 4189 719 4245 nt
730 4191 865 4247 nostram
875 4185 1110 4248 imbecillitatem
1122 4186 1152 4246 in
1165 4184 1369 4255 universalia

223 4275 313 4337 alesia
321 4279 451 4358 regenda
464 4279 626 4358 distentam
638 4299 673 4342 ac
685 4289 865 4362 occupatam
872 4284 1000 4345 Domino
1012 4301 1129 4363 semper
1140 4283 1170 4342 in
1182 4288 1297 4344 vestros
1310 4284 1370 4347 ob-

223 4373 440 4439 servationibus
453 4377 683 4454 commendetis,
698 4378 845 4458 majorem
856 4381 886 4441 in
901 4381 1026 4443 modum
1042 4378 1158 4441 avobis
1172 4380 1318 4460 petimus,
1334 4402 1369 4444 ac

223 4472 254 4555 in
267 4473 448 4536 cumulatius
458 4483 565 4538 nostra
579 4476 737 4557 pontificia
751 4478 884 4538 caritatis
894 4486 1105 4556 argumentum
1116 4479 1369 4558 apostolieanrbe

1246 4592 1264 4640 4
