3194 5354
733 488 1019 560 mammmsmv

807 624 938 694 cetvt.

714 760 904 804 t'no'ttutntnt
929 764 1041 806 FRATRI

378 855 584 916 EMMERICO
604 856 773 917 Josneflo
795 859 1097 920 Anculanlsuoeo
1118 860 1377 934 MOGUNTINO,

616 972 641 1018 s.
666 973 694 1021 n.
722 977 741 1022 1.
768 974 935 1023 rxxncuu
961 974 1157 1034 axncront,

583 1071 844 1151 CLEMENS
892 1074 1025 1150 PAPA
1068 1073 1183 1150 XlV.

1057 1217 1154 1276 Mina,
1165 1221 1180 1265 d
1192 1215 1306 1267 tebruarii
1323 1223 1392 1269 tm.

346 1300 548 1370 Venerabilis,
564 1306 622 1361 etc.
645 1301 791 1381 Pergrata
805 1302 897 1364 Nobis
918 1303 1039 1365 luerunt
1053 1303 1262 1366 Fratemitatis
1277 1311 1336 1369 tuae
1349 1307 1459 1371 litterae

303 1400 352 1463 die
367 1411 400 1462 rt
416 1400 555 1483 preteriti
566 1401 676 1463 mensis
686 1400 819 1464 octobris
829 1402 922 1479 data,
932 1401 1058 1483 quibus,
1072 1401 1252 1482 quodtuum
1263 1410 1343 1467 esset
1353 1404 1383 1467 in
1392 1408 1458 1469 Nos

304 1506 395 1580 atque
414 1498 445 1559 in
460 1498 601 1559 Sanctam
617 1497 696 1559 hauc
714 1496 823 1559 Sedem
834 1497 968 1560 studium
987 1498 1168 1578 singularem
1182 1498 1213 1560 in
1226 1499 1353 1563 modum
1366 1521 1456 1566 oom-
1558 1527 1561 1532 ·

303 1595 450 1678 probasti.
465 1597 510 1656 Ac
531 1594 655 1656 aNobis
674 1593 796 1676 quidem
817 1612 1014 1677 responsum,
1030 1595 1217 1657 Venerabilis
1237 1598 1352 1675 Frater,
1364 1601 1457 1680 quale

304 1691 437 1754 maxime
450 1691 557 1767 velles,
571 1690 673 1752 statim
692 1691 833 1765 tulisses,
848 1710 884 1753 ac
899 1697 1048 1772 quantum
1065 1709 1202 1754 essemus
1216 1692 1260 1754 tui
1275 1694 1341 1772 ejus
1360 1694 1456 1759 cilicii

304 1804 473 1863 memores,
487 1785 600 1867 tibique
620 1793 780 1867 propterea
804 1787 940 1849 obstricti
958 1788 1111 1851 luculenta
1128 1788 1240 1851 amoris
1261 1788 1292 1851 iu
1313 1796 1343 1853 te
1356 1794 1454 1855 nostri

304 1883 521 1964 significatione
538 1883 603 1962 iam
620 1888 685 1944 tum
701 1883 800 1946 testati
825 1882 1002 1961 fuissemus;
1025 1887 1079 1948 sed
1091 1907 1162 1950 cum
1184 1889 1333 1952 adnexum
1346 1888 1456 1952 iisdem

304 1982 365 2046 tuis
384 1981 490 2044 litteris
505 1982 610 2045 folium
624 1981 789 2063 plurimum
809 1989 842 2043 ut
855 2001 910 2063 par
925 1990 1008 2060 erat,
1026 1984 1119 2047 Nobis
1138 1993 1169 2048 et
1187 1987 1359 2050 molestiam
1375 1993 1407 2048 et
1425 1987 1456 2048 in

305 2085 461 2143 auctorem
476 2077 642 2160 inquirendi
656 2096 762 2138 curam
773 2078 919 2141 atullisset
933 2079 1151 2161 aliquantulum
1170 2082 1260 2163 spatii
1275 2081 1457 2146 sumendam

304 2180 466 2257 duximus,
479 2187 512 2241 ut
528 2198 599 2241 cum
616 2186 733 2240 oerttxm
746 2175 859 2259 aliquid
876 2178 1124 2259 exploratumque
1147 2177 1185 2240 de
1206 2187 1329 2242 auctore
1347 2177 1457 2261 depre-

272 2277 274 2280 ’
305 2277 506 2340 hender-emus
521 2277 620 2340 minus
634 2276 810 2357 perturbato
829 2275 931 2337 animo
951 2276 1153 2356 gratissimam
1167 2277 1221 2337 tibi
1243 2284 1382 2340 nostram
1400 2296 1457 2339 xo-

305 2376 452 2437 luntatem
463 2374 658 2436 deterremus.
670 2371 805 2433 Tandem
814 2390 984 2433 cumeores
996 2371 1126 2436 adducta
1132 2375 1198 2453 jam
1207 2374 1256 2450 sit,
1267 2372 1458 2437 utaffirmam

305 2491 401 2554 prope
414 2479 497 2533 certo
511 2471 662 2552 possimus
674 2469 743 2551 quis
754 2469 941 2531 conficiendo
955 2470 995 2531 illi
1013 2470 1085 2532 lolio
1098 2489 1222 2552 operam
1240 2472 1380 2549 navavit,
1394 2473 1458 2554 pln-

306 2570 399 2630 rimcs
412 2567 524 2628 habere
547 2568 609 2627 Nos
629 2565 683 2625 tibi
704 2565 744 2626 ob
760 2572 847 2626 tuum
865 2565 1014 2644 ejusmodi
1032 2567 1065 2628 in
1084 2567 1146 2628 Nos
1159 2567 1303 2629 collatum
1321 2566 1459 2630 cilicium

305 2661 419 2742 gratias
434 2668 524 2742 atque
539 2661 577 2722 nd
591 2660 751 2741 pristinum
767 2668 903 2722 nostrum
917 2679 989 2740 erga
1008 2669 1038 2723 te
1059 2661 1193 2725 animum
1215 2662 1382 2726 maximam
1399 2662 1459 2725 boc

306 2762 496 2845 potissimum
516 2760 638 2823 nomine
649 2758 811 2820 Pontificia
825 2757 958 2820 caritatis
970 2759 1172 2822 accessionem
1185 2759 1298 2822 iactam
1315 2778 1381 2824 esse
1392 2778 1460 2842 per-

305 2860 409 2942 spicue
418 2859 606 2943 profitemur.
617 2856 703 2938 Quod
712 2855 786 2918 dum
795 2855 911 2938 prolixe
925 2855 1064 2936 iacimus,
1076 2863 1129 2919 tua
1138 2875 1219 2919 nunc
1230 2864 1295 2918 tam
1301 2863 1460 2940 perspectu

305 2961 337 3022 in
347 2961 408 3022 Nos
417 2959 530 3040 pietate
541 2957 664 3034 contisi,
676 2961 791 3038 quanto
801 2974 976 3037 possumus,
988 2957 1104 3037 paterni
1115 2955 1206 3019 animi
1219 2957 1327 3020 ardore
1340 2959 1459 3019 Frater·

306 3058 434 3121 nitatem
445 3065 531 3122 tuam
547 3056 578 3119 in
591 3054 720 3120 Domino
735 3054 893 3119 hortamur
908 3062 938 3116 et
949 3045 1161 3132 obsecramus,
1180 3062 1214 3117 ut
1233 3054 1325 3117 animi
1337 3054 1382 3117 tui
1395 3052 1461 3118 ior-

306 3157 467 3219 titudinem
492 3157 634 3237 illamque
652 3154 758 3234 agendi
772 3153 832 3215 vim
845 3199 853 3232 ‚
866 3171 932 3235 que
947 3159 1006 3215 tua
1027 3151 1157 3215 maxime
1178 3150 1370 3233 amplitudini
1382 3168 1459 3212 con-

308 3255 404 3331 venit,
428 3253 524 3333 mags
547 3253 701 3333 magisque
717 3250 845 3327 excites,
868 3258 958 3331 atque
980 3250 1117 3313 intendas
1138 3251 1176 3313 ad
1192 3250 1333 3313 Ecclesia
1350 3265 1456 3330 pacem

307 3351 516 3432 unitatemque
535 3349 694 3426 tuendam,
713 3349 825 3429 desque
836 3365 962 3428 operam
980 3365 1036 3428 pro
1056 3346 1131 3408 virili
1153 3353 1206 3408 tua
1223 3354 1326 3427 parte,
1346 3351 1379 3407 ut
1396 3345 1459 3404 Ec-

307 3448 404 3511 clesia
415 3447 566 3510 mandatis
578 3466 683 3510 omnes
700 3437 924 3530 obtemperent,
943 3465 1079 3529 quosque
1088 3446 1225 3526 ejusdem
1239 3442 1458 3509 mammiano,

308 3565 345 3609 ac
358 3546 464 3610 lenitas
482 3564 543 3620 non
562 3546 672 3623 flectit,
691 3547 757 3627 ipsa
773 3546 893 3608 tandem
905 3553 1095 3628 compescat,
1115 3552 1147 3608 et
1166 3545 1205 3608 ad
1214 3541 1389 3624 obsequium
1402 3560 1459 3602 re-

307 3652 395 3707 vocet
411 3644 582 3708 auctoritas.
603 3643 634 3705 ld
656 3644 795 3725 equidem
808 3643 900 3705 Nobis
914 3644 1080 3706 certissime
1097 3645 1274 3726 pollicemur
1291 3641 1329 3704 de
1346 3640 1459 3702 virtute

309 3750 398 3821 atque
413 3740 503 3800 animi
516 3740 559 3800 tui
576 3735 798 3820 magnitudine,
811 3739 907 3820 deque
919 3758 972 3817 ea,
982 3758 1044 3820 qua
1055 3739 1086 3802 in
1097 3741 1175 3802 Petri
1192 3736 1369 3802 cathedram
1388 3737 1459 3798 ani-

307 3843 450 3899 matuses
461 3838 625 3916 voluntate,
638 3839 725 3918 cujus
734 3837 865 3918 egregia,
878 3845 966 3919 teque
977 3838 1068 3919 digna
1077 3840 1142 3917 jam
1150 3841 1212 3902 Nos
1223 3837 1333 3900 habere
1346 3835 1459 3899 indicia

308 3954 344 3998 ac
355 3934 482 4017 pignora
491 3953 610 3997 summa
621 3955 691 3996 cum
703 3936 856 4016 voluptate
867 3936 1068 4017 agnoscimus
1079 3941 1144 4001 Hac
1153 3936 1290 4019 proiecto
1301 3933 1418 3998 ratione
1429 3942 1460 3995 et

307 4033 566 4116 preclarissimam
577 4033 632 4094 tibi
656 4033 792 4110 laudem,
808 4042 897 4114 atque
915 4036 1131 4116 amplissimam
1149 4035 1278 4115 gloriam
1295 4051 1461 4115 eompara-

307 4132 402 4211 xeris,
419 4138 451 4194 et
470 4129 677 4193 incredibilem
696 4131 726 4191 in
744 4130 869 4191 modum
884 4134 1083 4195 cumulaveris
1098 4133 1242 4195 eximiam
1260 4151 1321 4214 qua
1340 4139 1370 4192 te
1383 4149 1460 4213 pm-

307 4230 460 4308 aequimur
481 4230 546 4312 pari
568 4247 638 4292 cum
663 4228 883 4290 existimatione
906 4232 1098 4310 conjunctam
1118 4232 1288 4293 caritatem.
1314 4231 1347 4291 in
1370 4231 1461 4308 cujus

309 4326 429 4387 uberius
440 4336 650 4408 argumentum
661 4328 855 4410 apostolicam
866 4329 1103 4392 benedictionem
1113 4330 1178 4408 tibi,
1188 4329 1375 4392 Venerabilis
1383 4332 1461 4390 Fra-

250 4493 251 4496 ,
311 4431 368 4501 ter,
383 4429 500 4504 tuaque
514 4426 582 4488 fidei
603 4428 770 4489 commissis
784 4428 902 4509 populis
921 4437 1112 4509 peramanter
1128 4429 1329 4511 impertimur.
1347 4430 1459 4490 Datum

310 4525 425 4594 Roma,
447 4531 517 4596 etc„
540 4528 590 4590 die
611 4528 789 4604 5srbmorii
813 4542 903 4608 itta,
919 4535 1110 4609 pontificatus
1123 4535 1216 4592 nostri
1239 4548 1321 4593 anno
1341 4534 1459 4608 quinto.
