3194 5354
385 469 568 526 Belsinum
587 470 633 525 ΕΤ
652 470 784 527 BREVIA
804 465 1042 525 SELECTlOllA.
1230 498 1232 503 ·
1255 475 1286 523 71

662 639 760 710 LXV.

398 801 567 845 canrssruo
592 802 624 843 m
647 800 780 843 cunrsao
803 799 888 845 nanto
910 799 1030 843 uesano

248 909 445 972 ubbovlco
466 909 708 970 ruadmunt!
728 910 820 971 lillGl
839 906 1181 971 (illlllSTlAlllSSlblO

429 1041 684 1145 ¹eutulanus
712 1043 840 1121 elea
867 1039 974 1118 xm.

909 1220 1007 1275 nome,
1019 1222 1045 1265 11
1063 1213 1144 1264 martti
1157 1216 1224 1265 1771).

183 1336 345 1397 Carissimo
359 1379 367 1402 ,
383 1340 438 1394 etc.
454 1332 615 1413 Nunquam
629 1331 755 1394 fortasse
774 1331 903 1394 incidere
916 1330 1084 1412 quidquam
1102 1329 1233 1412 polerit,
1249 1330 1287 1392 de

142 1452 203 1514 qno
223 1432 337 1495 acriore
357 1429 448 1493 animi
463 1429 556 1491 nostri
572 1429 677 1492 studio
687 1429 726 1490 ad
743 1434 773 1492 te
786 1428 970 1505 scribamus,
991 1446 1089 1508 neque
1106 1446 1171 1491 rem
1194 1428 1287 1491 ullam

141 1528 365 1612 putamuslore‚
380 1546 441 1609 qua
452 1527 607 1608 proposita
618 1526 714 1606 magis
722 1525 785 1607 ipse
799 1545 854 1607 pro
870 1531 922 1586 tna
937 1524 1085 1606 sapientia
1100 1526 1285 1589 commoveri

142 1646 177 1689 ac
195 1625 318 1690 excitari
333 1623 455 1702 debeas,
468 1623 593 1705 proinde
606 1624 661 1686 etsi
674 1623 799 1686 minime
812 1622 1050 1702 ambigeremus,
1061 1622 1134 1703 quin
1155 1623 1287 1702 peculin-

82 1804 84 1808 4
140 1742 204 1785 rem
216 1723 347 1806 aliquam
360 1729 498 1786 nostram
510 1724 684 1805 Sanctaque
691 1721 776 1786 Sedis
787 1740 910 1785 cauam
923 1739 981 1802 pro
994 1719 1105 1801 pietate
1117 1717 1147 1781 in
1160 1721 1222 1783 Nos
1236 1727 1289 1782 lua

140 1819 243 1900 facile,
256 1822 280 1884 si
294 1838 418 1883 necesse
439 1820 518 1883 soret
530 1866 538 1898 ,
552 1827 745 1902 suscepturus
763 1839 826 1883 esse
837 1867 845 1899 ,
857 1826 939 1882 tanto
956 1825 1057 1882 tamen
1072 1817 1168 1897 magis
1182 1817 1212 1881 id
1226 1837 1245 1881 a
1259 1825 1288 1880 to

138 1919 252 1984 iactum
263 1921 299 1982 iri
311 1917 503 1996 confidimns,
514 1936 585 1980 cum
594 1917 631 1978 de
641 1916 794 1980 communi
807 1916 938 1999 quadam
947 1915 1080 1979 maximo
1092 1914 1289 1997 gravissima-

139 2035 199 2096 que
212 2035 264 2094 re,
283 2032 409 2096 quaque
428 2020 482 2076 tua
501 2013 592 2076 etiam
614 2013 807 2076 vehementer
830 2012 960 2091 intersit,
976 2020 1077 2075 tecum
1096 2031 1176 2075 nunc
1192 2014 1286 2074 acturi

141 2113 248 2175 simus.
260 2110 427 2174 Deierimus
436 2111 475 2174 ad
485 2120 531 2190 te,
542 2111 700 2174 Carissime
712 2112 743 2173 in
760 2111 878 2174 Christo
892 2110 933 2175 1111
945 2117 1057 2189 noster,
1074 2109 1127 2175 Dei
1142 2109 1288 2193 ipsiusne

143 2208 295 2290 religionis
304 2228 446 2289 causarp,
460 2228 553 2291 qnam
565 2208 683 2289 jamdiu
700 2228 753 2290 per
773 2209 881 2292 impios
901 2207 1038 2270 homines
1054 2206 1139 2269 novis
1151 2206 1288 2288 qnotidie

137 2323 274 2368 errorum
286 2306 435 2369 machinis
451 2306 556 2387 impeti
570 2313 660 2387 atque
676 2306 842 2388 oppugnari
853 2304 1018 2368 incredibili
1035 2303 1225 2367 cumdolore
1245 2303 1288 2367 in

138 2408 269 2463 tuemur.
286 2402 424 2478 Quadam
444 2404 522 2466 inter
543 2422 575 2465 se
594 2403 815 2486 conspiratione
834 2403 923 2484 plane
942 2402 1116 2482 conjurasse
1130 2399 1190 2465 hoc
1208 2408 1287 2465 tem·

137 2498 263 2579 porcilli
279 2499 428 2572 videnlur,
443 2508 476 2563 ut
489 2499 564 2562 nihil
575 2501 652 2564 adeo
664 2509 802 2567 sanctum
818 2521 854 2564 ac
865 2502 1001 2565 divinum
1013 2501 1069 2579 sit,
1092 2501 1177 2582 quqd
1189 2499 1288 2567 intac-

137 2603 203 2657 tum
221 2615 285 2660 esse
299 2597 415 2676 sinaut,
429 2599 573 2681 quodque
589 2619 643 2685 per
656 2618 806 2663 summam
824 2597 984 2663 audaciam
998 2607 1147 2665 temerare
1166 2604 1197 2662 ct
1211 2617 1288 2680 con-

137 2694 244 2758 vellere
261 2714 322 2758 nou
339 2704 496 2760 conentur.
518 2699 604 2760 Nova
616 2699 648 2760 in
670 2697 734 2761 dies
755 2699 877 2782 impune
897 2698 1052 2781 proterunt
1070 2717 1132 2761 suae
1149 2697 1288 2775 uoniam

13 2786 15 2790 ’
137 2789 979 2877 doctrina,sedinsaniamouumenla,quibusinitiaipsa
992 2793 1288 2874 mornm,religionis

137 2888 349 2967 fundamenta,
372 2910 492 2971 unaque
507 2891 705 2955 hmnanitatis
728 2911 763 2953 ac
783 2891 935 2954 societatis
948 2892 1018 2968 jnra
1043 2889 1230 2969 perturbant,
1253 2906 1288 2950 ac

138 2985 256 3049 dicendi
276 2986 408 3065 quodam
426 2987 576 3048 lenocinio
593 2985 640 3047 usi
657 2984 744 3048 facile
762 2986 793 3046 in
809 2984 964 3064 simplices
984 2982 1150 3063 prasertim
1171 2982 1288 3043 animos

141 3083 329 3145 teterrimam
347 3083 512 3165 perniciem
534 3081 685 3159 inierunt,
707 3090 736 3143 et
752 3083 964 3163 contagionem
981 3088 1161 3163 propagant.
1190 3083 1286 3156 Quam

137 3181 261 3262 quidem
271 3179 431 3242 miserrimi
440 3179 531 3259 hujus
542 3178 633 3241 seculi
649 3178 803 3241 licentiam
817 3177 892 3241 adeo
909 3197 1101 3261 progressam
1109 3196 1174 3241 esse
1185 3179 1287 3242 mirari

136 3278 209 3341 satis
217 3280 272 3362 ipsi
284 3297 344 3341 uon
355 3295 517 3360 possumus
524 3302 533 3356 3
543 3283 633 3359 atque
643 3275 754 3341 idcirco
765 3275 937 3352 nihilNobis
944 3274 1046 3358 potius
1061 3276 1211 3357 agendum
1222 3275 1290 3339 exi-

137 3377 306 3455 stimamus,
321 3395 413 3458 quam
426 3382 459 3436 ut
472 3374 555 3438 omni
568 3393 679 3456 opera,
695 3373 836 3452 consilio,
853 3379 943 3457 atque
955 3373 1133 3436 auctoritate
1152 3372 1288 3452 ejusdem

137 3473 361 3556 compescenda
375 3472 524 3536 rationem
543 3473 675 3555 aliquam
689 3471 835 3535 ineamus.
848 3474 894 3533 Ac
906 3469 981 3533 dum
999 3488 1105 3535 omnes
1119 3471 1190 3535 illuc
1201 3491 1289 3535 curas

138 3569 335 3648 intendimus,
355 3571 535 3652 publiceque
560 3588 748 3648 execramur,
763 3588 800 3631 ac
812 3568 920 3631 iterata
939 3566 1176 3650 proscriptione,
1195 3589 1291 3649 qnan-

137 3673 202 3728 tum
215 3668 246 3729 in
258 3667 352 3729 Nobis
365 3673 422 3745 est,
442 3672 620 3749 extorquere
639 3687 656 3730 e
675 3667 836 3748 legentium
859 3666 1000 3728 manibus
1018 3665 1164 3747 quidquid
1183 3684 1219 3727 ex
1238 3667 1287 3730 illa

140 3763 303 3847 impietatis
311 3764 553 3846 officinaprodit,
564 3773 594 3828 et
603 3763 870 3846 proculeiiminare
879 3764 1288 3843 conamur,.aliorumeu'am,

138 3861 189 3940 qui
199 3881 327 3944 nsquam
338 3871 408 3925 sunt
418 3861 767 3927 venerabiliumfratrum
779 3863 990 3945 episcoporum
1000 3862 1100 3925 studia
1109 3881 1145 3926 ac
1155 3863 1290 3929 subsidia

138 3957 240 4021 omnia
256 3959 420 4021 Nobiscum
439 3959 581 4040 conjungi
604 3959 761 4041 cupimus,
780 3966 813 4020 ut
834 3957 969 4021 unanimi
988 3977 1043 4039 pro
1062 3958 1122 4023 lide
1142 3978 1289 4024 consensu

138 4054 271 4119 roborati
284 4056 322 4119 ad
332 4058 390 4119 hoc
400 4063 520 4120 tautum
530 4058 644 4121 bellurn
658 4056 881 4140 profligandum
899 4076 1004 4122 omnes
1016 4059 1216 4139 insurgamus.
1234 4063 1290 4123 At-

138 4171 196 4232 que
212 4152 272 4216 hoc
285 4153 350 4237 ipso
361 4162 517 4237 tempore,
536 4176 597 4238 quo
611 4156 650 4220 ad
662 4157 801 4221 laborem
816 4156 898 4221 hunc
911 4165 1050 4221 nostrum
1064 4157 1289 4239 quamplurium

140 4266 262 4328 operam
280 4252 423 4315 accedero
447 4254 578 4317 maxime
591 4274 712 4318 necesse
729 4263 787 4334 est,
809 4262 1034 4338 peropportune
1048 4253 1177 4333 accidit,
1194 4262 1227 4319 nt
1245 4258 1289 4320 tui

140 4346 341 4411 florentissimi
354 4357 442 4432 atque
457 4352 635 4434 amplissimi
650 4353 732 4433 regui
749 4353 889 4434 praesides
911 4352 1041 4413 Parisios
1057 4351 1095 4412 ad
1107 4352 1290 4418 celebranda

140 4460 197 4524 pro
214 4445 277 4507 suis
301 4447 530 4529 publicisrebus
546 4450 691 4513 Gallicani
710 4452 780 4513 cleri
803 4450 924 4513 coniitia
938 4449 1142 4514 convolarint.
1166 4451 1291 4515 Minime
