3194 5354
357 538 408 589 15⁰
786 530 989 584 curtmrlttrls
1007 530 1071 586 xlv

354 637 525 717 cougregati
546 636 679 713 lueritis,
692 635 866 713 ecclesiam,
878 636 923 696 vel
935 636 1073 717 quamvis
1088 635 1225 698 alianrex
1238 637 1373 699 ecelesiis
1386 657 1509 701 monas

355 735 500 797 teriorum
525 739 632 796 vestrae
654 733 894 812 congregationis
908 731 1015 795 devote
1028 732 1231 812 visitaverint,
1252 743 1284 797 et
1308 737 1507 800 Sacramenta

353 832 537 894 Poenitentiae
547 831 680 913 primum
700 830 811 912 expiati
828 829 1054 891 Sanctissimam
1069 830 1289 892 Eucharistiam
1303 834 1504 914 sumpserint,

352 939 384 994 et
396 951 453 1013 pro
467 930 648 995 exaltatione
668 930 786 990 sancta
804 927 910 991 Matris
929 926 1085 1005 Ecclesia,
1098 932 1129 988 et
1142 929 1383 1011 congregationis
1399 938 1505 994 vestra

353 1031 558 1094 incolumitate
582 1037 613 1090 et
635 1029 819 1090 incremento
839 1026 906 1111 pias
925 1026 987 1088 Deo
1007 1044 1112 1109 preces
1132 1026 1313 1105 obtulerint,
1335 1029 1502 1110 plenariam

352 1133 489 1194 onmium
508 1111 702 1212 peccatorum
720 1126 935 1207 indulgentiam
959 1124 1097 1187 fldelibus
1121 1123 1287 1202 defunctis,
1301 1145 1355 1207 per
1375 1127 1501 1189 modum

352 1229 485 1309 suffragii
492 1229 583 1290 etiam
592 1224 801 1308 applicandam
814 1240 870 1305 pro
880 1240 941 1286 una
951 1223 1017 1286 viee
1026 1228 1146 1286 tautum
1155 1221 1192 1285 de
1206 1224 1346 1285 Ecclesia
1357 1223 1501 1288 thesauro

351 1327 522 1407 elargimur.
536 1328 663 1388 Itemum
677 1321 748 1398 tibi,
762 1321 869 1382 dilecte
886 1321 944 1397 lili,
958 1321 1158 1401 omnibusque
1175 1319 1332 1381 monachis
1349 1326 1410 1382 tuae
1423 1340 1500 1383 con-

350 1423 546 1505 gregationis,
560 1442 595 1484 ac
610 1420 644 1483 iis
662 1420 846 1502 presertim,
859 1420 910 1500 qui
929 1418 1106 1498 suffragium
1123 1418 1152 1479 in
1166 1417 1355 1497 generalibus
1368 1418 1500 1481 comitiis

349 1520 449 1583 daturi
463 1526 548 1597 sunt,
560 1517 756 1601 apostolicam
769 1514 1009 1579 benedictionem
1019 1521 1211 1596 peramanter
1223 1514 1425 1595 impertimur.
1438 1517 1498 1576 Do-

351 1628 413 1679 tem
424 1618 537 1693 Romo,
549 1625 620 1687 etc,
635 1616 684 1678 dte
702 1628 733 1678 tt
751 1618 829 1693 moja·
845 1626 915 1676 tm
927 1660 935 1689 ,
948 1616 1247 1693 pontptcottesaostrt
1259 1615 1495 1674 annunciando.

843 1842 1018 1915 CXXXVI.

802 2000 932 2042 urimo
954 2000 1041 2041 rruro

346 2106 486 2168 MXURO
512 2105 740 2180 Fastorum,
771 2106 913 2167 nubam
943 2104 1100 2165 onntltrs
1131 2102 1494 2168 cAMALnunsrtsltJre
1562 2090 1568 2104 ³

651 2228 885 2307 CLEMENS
913 2228 1041 2305 ΡΑΡΑ
1069 2226 1176 2303 XIV.

1113 2379 1214 2437 llam,
1233 2377 1331 2439 ttmrii
1347 2382 1413 2429 ttlt.

385 2483 521 2557 Dilecto,
539 2491 595 2544 etc.
608 2483 694 2557 Quod
712 2502 757 2544 sa.
771 2502 862 2546 mem.
886 2485 1121 2548 Predeoessores
1135 2483 1230 2544 nostri
1248 2482 1490 2563 primumitena·

344 2579 442 2639 dictus
455 2579 538 2655 XIV,
551 2585 582 2640 et
595 2578 703 2640 deinde
720 2579 856 2642 Clemens
868 2583 947 2660 Xlll,
960 2581 1128 2645 curandum
1138 2579 1355 2657 decreverunt,
1368 2598 1405 2643 an
1413 2580 1489 2643 doa-

344 2675 459 2737 tissimo
474 2674 538 2738 viro
551 2675 657 2739 Mauro
668 2677 766 2738 Sartio
782 2678 891 2741 Abbati
904 2699 939 2740 es
956 2688 1009 2742 tua
1023 2678 1241 2742 camaldulensi
1259 2678 1488 2759 cougregatimre

342 2772 539 2850 mandarunt,
563 2781 597 2835 ut
623 2773 661 2835 de
680 2773 770 2835 claris
796 2774 1033 2856 Archigymnasii
1052 2772 1249 2837 Bononiensis
1270 2773 1488 2855 professoribus

340 2871 500 2949 scriberet,
512 2871 610 2950 idern,
623 2872 674 2934 illo
688 2871 749 2933 vita
762 2870 881 2949 functo,
897 2891 915 2933 a
932 2880 962 2934 te
977 2873 1016 2936 ad
1031 2870 1247 2954 perficiendum
1263 2869 1402 2950 ejusdem
1420 2872 1487 2934 Gle-

339 2971 449 3034 mentis
467 2970 645 3034 auctoritate
665 2989 730 3034 esse
749 2981 923 3053 susceptum
941 2972 1132 3033 veliementer
1146 2968 1331 3049 gaudemus;
1350 2969 1486 3049 namqui

334 3069 453 3149 jamdiu
474 3070 506 3131 in
531 3068 706 3132 doctissima
727 3070 779 3133 illa
798 3070 873 3133 urbe
891 3070 1057 3132 lloruerunt
1076 3069 1147 3146 viri,
1174 3075 1205 3129 et
1225 3066 1386 3148 praeclaras
1408 3075 1487 3129 artes

337 3167 521 3243 docuerunt,
544 3167 722 3229 eorumdem
744 3167 887 3229 celebrari
907 3167 1029 3245 litteris,
1051 3186 1086 3229 aa
1106 3167 1145 3227 ad
1170 3172 1308 3245 posteros
1324 3164 1485 3226 monitu
1571 3192 1574 3197 ·

337 3276 448 3326 nomen
462 3263 666 3344 aequissimum
675 3282 741 3326 esse
748 3264 937 3343 judicamus,
950 3272 981 3326 et
988 3264 1113 3325 minime
1127 3262 1308 3342 ambigimus
1319 3267 1403 3324 tanto
1417 3280 1486 3324 mu·

338 3360 401 3422 neri
416 3377 520 3440 parem
540 3379 605 3422 esse
619 3361 806 3441 doctrinam,
822 3363 992 3444 ingenium,
1013 3371 1102 3443 atque
1122 3378 1247 3443 operam
1263 3368 1357 3423 taam
1369 3358 1485 3424 Liben-

335 3456 449 3519 tissime
460 3457 561 3539 itaque
575 3457 606 3519 id
616 3458 801 3540 excipiemus
812 3478 906 3541 opus,
923 3461 1076 3542 atquibus
1089 3459 1119 3520 in
1138 3458 1319 3521 Pontificatu
1333 3460 1485 3521 succeed-

334 3573 416 3634 mus,
426 3554 547 3617 illomm
556 3555 648 3617 etiam
661 3555 691 3616 in
705 3556 852 3636 eiusmodi
863 3553 1264 3618 emditoslaboresanimum
1272 3554 1481 3618 transmissum

332 3649 425 3712 Nobis
436 3669 501 3713 esse
515 3650 704 3733 profitemur.
715 3652 792 3727 Quin
804 3659 910 3734 sponte
922 3652 1014 3714 etiam
1025 3658 1128 3713 nostra
1141 3649 1337 3712 vehementer
1347 3649 1482 3713 tarentus

330 3746 453 3825 litteris,
468 3764 564 3830 eaque
576 3749 693 3827 omnia,
709 3768 776 3830 quae
790 3749 924 3834 ipsarum
938 3748 1128 3830 splendorem
1148 3765 1258 3826 augore
1275 3746 1403 3827 possint,
1416 3747 1481 3810 sin-

331 3843 426 3922 gulari
438 3843 538 3907 studio
554 3848 792 3928 complectimur.
811 3847 928 3910 ldcireo
941 3855 972 3908 et
985 3853 1121 3909 nostram
1135 3845 1219 3906 illam
1230 3844 1384 3923 dritatop
1395 3845 1477 3907 omni

330 3942 898 4026 doctrinammgenereexcultissimanr
908 3942 1479 4028 semperdileximus,etnunomaxime
1562 3997 1570 4019 ,

328 4042 484 4124 cupimus,
497 4050 531 4104 ut
542 4043 600 4106 hoc
614 4046 749 4124 ejusdem
761 4047 918 4128 antiquum
937 4045 1045 4121 decus,
1061 4064 1097 4106 ao
1107 4045 1138 4105 in
1148 4042 1301 4105 tradendis
1313 4043 1479 4124 disciplinis

327 4139 493 4202 claritatem
506 4158 610 4203 omnes
622 4152 785 4224 agnoscant
797 4162 832 4205 ae
844 4142 1053 4225 depradioent.
1064 4144 1161 4216 Quare
1173 4158 1233 4203 non
1242 4141 1340 4202 solum
1353 4141 1477 4220 probari

327 4237 449 4301 aNobis
461 4239 726 4324 commendarique
743 4241 878 4304 laborem
892 4243 972 4307 lrune
992 4249 1078 4305 tuum
1097 4241 1252 4318 existima,
1271 4237 1326 4300 sed
1342 4239 1477 4319 paratis-

326 4334 417 4397 simos
429 4339 519 4400 etiam
534 4340 594 4401 Nos
608 4360 673 4402 csse
691 4340 730 4402 ad
740 4341 889 4419 ejusdem,
907 4349 942 4403 ut
956 4342 1106 4422 appellas,
1121 4339 1284 4420 primitias,
1294 4356 1372 4419 quas
1383 4338 1475 4400 Nobis

325 4429 425 4505 callers,
439 4443 527 4514 atque
542 4437 693 4517 inscribis,
704 4440 830 4501 tuendas
841 4438 1044 4519 fovendosque
1055 4438 1224 4519 patrocinio
1239 4444 1364 4516 nocuo,
1380 4456 1474 4519 aeque

325 4526 485 4591 Pontiliriar
504 4549 574 4610 erga
591 4542 620 4595 tc
635 4534 847 4599 benevolentia
862 4537 1049 4607 accessione,
1068 4554 1133 4619 orire
1146 4536 1332 4618 plurimum,
1347 4552 1404 4617 pru
1419 4542 1473 4599 tua
