3194 5354
223 493 270 542 ios
649 491 851 546 crennznns
870 478 956 544 xtv'

219 593 485 655 norificentiseimis
503 602 561 655 tum
582 594 771 674 benignitatis
789 596 905 657 indictis
923 596 1075 676 tantisque
1097 596 1127 657 in
1149 598 1254 660 urbem
1275 598 1375 662 ornass

219 699 405 766 intentorum,
435 712 470 754 ne
498 694 652 769 duorum,
667 693 887 755 secessionibus
903 694 1073 770 invectum,
1097 701 1131 754 ut
1153 695 1227 756 nibil
1247 698 1375 777 ningui-

219 795 375 869 licentius,
403 794 475 855 nibil
499 795 537 856 ed
559 813 645 856 suum
672 793 778 874 suique
806 793 970 873 Apostolici
994 792 1127 853 muneris
1152 794 1280 873 moriem
1307 794 1374 857 lieri

219 893 350 973 potuerit
364 893 561 970 cumulatius,
579 910 650 954 cnm
663 910 757 974 porro
768 891 902 972 primum
915 891 1104 969 Maiestatem
1115 893 1213 953 'luem
1228 893 1266 955 de
1283 884 1375 956 more¹

220 991 354 1066 adiisset,
368 991 483 1083 amplus
499 998 588 1071 strue
607 991 737 1053 illustres
749 989 842 1051 inisse
857 1008 893 1051 ec
908 990 997 1070 plum
1014 989 1157 1051 mirificus
1170 989 1376 1054 humanitatis

221 1088 250 1148 in
265 1105 297 1148 se
312 1106 347 1150 ec
360 1087 463 1167 gretie
475 1095 533 1149 tmc
547 1088 578 1149 in
591 1089 652 1149 Nos
668 1105 739 1148 vero
753 1106 790 1148 sc
803 1086 1007 1168 Apostolicsm
1023 1087 1103 1148 banc
1115 1086 1221 1149 Senem
1237 1090 1373 1162 amoris,

219 1186 397 1262 denotionis,
411 1204 446 1247 ec
455 1185 544 1248 studii
558 1184 785 1248 declarationes.
795 1187 872 1247 Cum
879 1184 925 1247 ltu
935 1187 1134 1249 recitarentur
1148 1188 1375 1261 litteretrium-

219 1284 313 1363 phere
325 1283 550 1364 quodammodo
562 1283 627 1344 vise
636 1283 729 1345 Nobis
739 1282 797 1344 tuit
807 1289 947 1366 suscepta
960 1302 996 1345 ex
1005 1283 1112 1346 intime
1122 1284 1213 1346 enimi
1224 1289 1374 1367 caritate,

220 1381 392 1460 mutuisque
408 1380 514 1442 ciliciis
532 1380 694 1442 constitute
715 1381 780 1460 jem
802 1387 833 1442 ct
854 1380 1050 1444 corroborem
1073 1383 1151 1446 inter
1168 1386 1229 1448 Nos
1248 1387 1374 1468 pietatis

220 1479 384 1541 contentio.
395 1479 521 1542 Proinde
530 1478 733 1542 incredibilem
747 1478 777 1540 iu
789 1477 916 1542 modum
927 1478 1027 1561 sugeri
1039 1487 1188 1559 nostrum,
1200 1490 1290 1564 atque
1300 1504 1372 1548 exa·

219 1575 315 1651 gerari
332 1575 475 1654 gaudium
493 1576 656 1650 sensimus,
669 1593 725 1636 nec
742 1575 889 1637 contineri
906 1594 988 1638 nuuc
1008 1594 1189 1657 possumus,
1204 1580 1276 1659 quin
1290 1581 1371 1644 idem

220 1671 289 1743 tibi,
305 1673 456 1733 carissime
467 1673 498 1733 in
508 1673 687 1735 ChristoFili
700 1673 819 1749 Noster,
835 1691 889 1754 per
905 1673 960 1734 bes
972 1672 1088 1735 litteras
1099 1676 1369 1753 communicemus,

220 1785 340 1849 unaque
362 1769 509 1830 maximos
531 1788 566 1830 ac
591 1768 776 1836 immortates
792 1788 917 1850 egemus
936 1770 1048 1850 gratiss
1062 1770 1102 1832 ob
1120 1770 1371 1851 luculentissimas

221 1866 303 1944 illes,
323 1885 358 1927 ac
375 1867 485 1948 purtim
504 1884 598 1927 novos
617 1867 728 1927 amoris
739 1867 770 1927 in
784 1868 847 1928 Nos
864 1868 924 1944 tui,
937 1886 973 1930 se
991 1869 1022 1930 in
1043 1869 1248 1950 Apostolicum
1262 1870 1370 1932 Sedem

220 1964 385 2027 devotionis
399 1964 648 2045 significationes,
661 1963 770 2045 quibus
781 1965 906 2026 mirifice
918 1965 1079 2028 confirmes
1091 1966 1183 2028 Nobis
1194 1985 1255 2028 non
1272 1968 1370 2030 solnm

220 2080 282 2141 quo
303 2062 507 2143 inpraesentia
525 2062 565 2123 sis
584 2079 655 2140 erge
668 2062 730 2123 Nos
743 2061 861 2138 animo,
886 2061 938 2123 sed
957 2061 1129 2142 etiamque
1148 2069 1202 2124 tue
1214 2062 1317 2125 lutura
1333 2063 1371 2125 sit

222 2160 395 2239 hujusmodi
407 2160 530 2240 egregie
544 2159 704 2221 voluntatis
716 2177 751 2221 uc
762 2159 840 2221 initu
852 2162 913 2221 [teo
924 2160 989 2242 ipso
1001 2161 1123 2242 suspice
1141 2167 1232 2242 etque
1248 2170 1371 2226 unctore

221 2259 297 2321 inter
307 2260 369 2321 Nos
378 2257 580 2321 consensionis
591 2257 769 2319 constantie.
787 2259 858 2333 Qnu
872 2256 971 2320 cilicie
984 2265 1088 2320 nostru
1102 2259 1144 2320 ite
1158 2260 1257 2338 Regis
1265 2261 1372 2340 Mnies-

220 2356 275 2416 tati
291 2358 362 2419 'lue
376 2356 593 2437 persolvimus,
611 2362 644 2416 ut
660 2354 787 2416 alacrius
805 2356 836 2417 in
851 2355 943 2418 Nobis
955 2373 1048 2437 quem
1060 2356 1116 2433 sit,
1128 2374 1164 2418 ac
1176 2357 1297 2418 uberius
1310 2358 1371 2419 hu-

218 2453 352 2529 jusmodi
371 2453 505 2514 studium
527 2452 697 2513 desiderare
717 2471 777 2514 non
800 2454 907 2534 possis.
930 2455 1140 2518 Desideremus
1160 2459 1223 2519 llos
1247 2456 1370 2537 quidem

222 2549 352 2610 inarime
363 2568 415 2610 ess
428 2548 689 2630 opportunitates,
702 2549 811 2629 quibus
824 2558 943 2613 nostros
954 2553 1010 2614 hos
1023 2554 1078 2616 tibi
1096 2573 1216 2635 sensns,
1230 2573 1306 2637 quos
1319 2555 1370 2617 vix

211 2666 301 2728 ,nunc
315 2647 413 2709 verbis
433 2647 552 2727 assequi
570 2664 750 2733 possumus,
769 2647 867 2728 reipsa
886 2649 981 2728 ntugis
996 2650 1027 2711 in
1040 2651 1106 2713 dies
1126 2651 1372 2734 comprobenrus.'

223 2747 340 2806 luteres
353 2743 435 2825 quod
447 2743 500 2806 Dei
511 2743 647 2806 Eccleslae
660 2745 822 2829 Reguoque
831 2753 887 2807 tuo
895 2745 972 2807 bene
985 2751 1101 2825 vertat,
1115 2746 1209 2811 mutui
1220 2748 1297 2810 inter
1306 2749 1370 2809 Nos

217 2848 386 2919 certemus,
399 2847 433 2903 nt
444 2839 608 2922 ooepimns,
624 2838 744 2921 pietatis
758 2840 881 2919 officiis,
894 2859 1024 2924 eummrc
1035 2843 1065 2904 in
1081 2845 1206 2908 modum
1222 2843 1323 2907 divim
1337 2845 1371 2908 in

221 2945 282 3004 Nos
296 2943 434 3005 uberiore
447 2961 565 3023 semper
583 2960 618 3002 ec
637 2939 839 3021 splendidiora
858 2941 1003 3004 beneficia
1015 2960 1225 3025 provocemus.
1241 2944 1372 3029 lterum

221 3045 427 3126 Apostolieum
445 3041 685 3104 benedictionem
704 3039 802 3120 Regis
820 3040 969 3120 Meiesteti
990 3043 1075 3117 Tne,
1093 3040 1318 3124 Carissinueque
1341 3042 1373 3103 in

222 3143 338 3203 Christo
350 3141 429 3203 Filiae
442 3147 568 3215 nostre,
583 3137 707 3216 Coniugi
722 3139 794 3199 Tne
814 3138 931 3218 Regius
948 3137 1155 3215 Fidelissimu,
1172 3157 1208 3201 ac
1226 3139 1285 3202 tuis
1300 3157 1372 3202 om-

222 3238 309 3298 nibns
327 3237 525 3298 dilectissimis
542 3235 634 3295 Nobis
650 3235 680 3294 in
704 3233 821 3296 Christo
843 3234 943 3296 liberis
955 3254 990 3296 ex
1012 3235 1117 3297 intimo
1133 3238 1252 3317 paterni
1272 3236 1371 3300 cordis

222 3352 312 3396 sensn
319 3333 522 3395 cruentissime
530 3331 727 3412 impertimur.
742 3333 853 3393 Dotuin
863 3335 1137 3409 Romoe‚etc.,‹lte6
1148 3342 1268 3413 aupnstt
1281 3347 1369 3411 tito,

219 3435 413 3511 pontificatus
426 3435 521 3490 nostri
532 3448 612 3488 anno
624 3429 764 3488 secundo.

705 3553 866 3563 ·-—-—--

737 3661 850 3732 XCIV.

563 3822 694 3865 DILECTO
717 3820 802 3863 Flblss
824 3820 932 3863 nontin
954 3819 1029 3861 vtno

596 3931 734 3990 COltlTI
757 3930 807 3988 llll
827 3928 987 3995 OEYRAS,

408 4054 516 4101 nucis
536 4053 766 4100 riusmssnnr
788 4051 1015 4100 sscnnrsnio
1036 4044 1178 4102 suntne,
1266 4096 1269 4101 ,

531 4156 766 4235 CLEMENS
792 4158 921 4234 utun
950 4152 1055 4234 xlv.

964 4309 1059 4361 Rome,
1074 4310 1088 4351 n
1104 4299 1198 4362 cogisti
1215 4303 1286 4349 tlte.

263 4408 394 4481 Dilecto,
408 4423 461 4474 etc.
473 4416 653 4477 litterarum
661 4411 844 4473 Venerabilis
852 4414 962 4473 Fratris
973 4405 1371 4494 lnnooentiinrchiepiscopi

221 4503 281 4582 syri
296 4509 388 4566 nostri
411 4519 440 4570 et
463 4511 632 4593 apostolice
656 4508 740 4571 Sotiis
763 4510 844 4591 apud
868 4510 1056 4572 carissimum
1078 4509 1107 4571 in
1124 4505 1240 4569 Christo
1269 4508 1368 4573 lilium
