3194 5354
221 437 278 512 ‘aas
650 453 941 510 cunnmrrsxrv

224 564 348 635 litteras,
361 560 470 640 quibus
490 561 578 639 plane
595 577 650 638 pro
664 566 716 620 tua
736 576 807 638 erga
819 559 881 620 Nos
894 557 1034 637 singulari
1048 559 1162 640 pietate
1174 562 1283 644 exples
1297 583 1380 628 sum·

224 674 308 719 mum
332 655 405 717 illud
428 655 625 729 desiderium,
649 672 710 734 quo
731 653 902 733 flagramus,
922 660 956 714 ut
977 653 1193 734 Hispaniarum
1210 658 1375 737 Infantem,

222 754 352 834 primum
367 754 515 834 Nepotem
537 759 639 827 tuum,
660 770 751 833 quem
764 750 992 832 exoptatissimo
1012 757 1101 831 partu
1123 752 1332 820 dilectissimae
1346 760 1376 821 iu

221 849 337 911 Christo
346 850 414 912 tiliae
424 856 533 911 nostre
551 849 678 930 Aloysie
690 849 790 911 Maria
801 849 987 930 Principissu
995 850 1189 913 Asturiarum
1202 854 1308 918 Nurus
1319 864 1377 920 tua

220 949 302 1010 brevi
321 949 456 1029 genitrun
474 948 509 1007 iri
529 947 719 1009 confidimus.
739 949 800 1010 Nos
814 947 871 1029 ipsi
887 947 917 1009 in
930 964 1016 1008 sacra
1029 948 1261 1026 regeneratione
1276 934 1375 1016 susci-

220 1065 302 1128 pere,
322 1064 358 1108 ac
379 1047 410 1107 in
430 1045 480 1107 illa
495 1052 579 1106 muta
595 1045 768 1107 celebritate
781 1044 891 1127 patrini
908 1062 1018 1106 munus
1035 1045 1187 1109 sustinere
1196 1067 1371 1131 possumus.

223 1142 397 1223 Respondes
409 1142 472 1223 ipse
481 1141 592 1222 optatis
604 1141 651 1203 bis
659 1141 792 1217 Nostris,
803 1160 839 1204 ac
850 1148 915 1202 tam
926 1139 1045 1203 abunde
1054 1143 1222 1224 respondes
1232 1154 1266 1209 ut
1277 1151 1374 1213 multo

220 1242 400 1303 cumulatius
412 1246 550 1302 nostrum
564 1240 708 1319 gaudium
723 1240 831 1303 reddas
842 1240 916 1302 dum
928 1240 959 1301 in
972 1242 1037 1320 ejus
1054 1241 1147 1304 officii
1163 1243 1373 1325 perbrnfflone

221 1337 336 1399 socium
348 1348 379 1399 te
392 1336 484 1399 Nobis
498 1336 633 1407 exhibes,
652 1355 771 1417 unaque
783 1337 869 1419 cupis
885 1345 919 1399 ut
936 1337 1026 1399 ambo
1045 1356 1173 1419 operam
1191 1350 1329 1406 nostram
1342 1347 1372 1407 in

221 1435 272 1496 illa
286 1435 474 1516 susceptione
487 1434 689 1496 conteramus.
703 1436 812 1497 Mirum
825 1453 898 1497 saue
913 1443 968 1513 est,
984 1436 1138 1499 carissime
1150 1437 1181 1500 in
1197 1440 1318 1504 Christo
1331 1443 1371 1504 llli

222 1548 335 1618 rioster,
348 1548 460 1621 quanta
477 1541 514 1602 ad
534 1546 669 1603 nostram
677 1541 897 1621 jucunditatem
909 1559 947 1602 ex
960 1540 1016 1602 ista
1030 1542 1176 1606 societate
1189 1551 1244 1607 tua
1257 1547 1311 1609 liat
1324 1567 1371 1610 ac·

222 1640 333 1717 cessio,
350 1658 420 1701 cum
438 1639 534 1700 multo
555 1637 653 1700 adbuc
673 1639 911 1718 coniunctiorem
934 1636 1090 1700 vobiscum
1117 1643 1370 1708 necessitudinem

222 1744 358 1800 nostram
371 1735 440 1799 inde
452 1735 612 1799 astituram
624 1735 833 1817 intelligamus.
847 1735 933 1812 Quod
945 1734 1068 1815 quidem
1083 1737 1209 1802 miritice
1220 1743 1371 1804 consentit

222 1856 294 1898 euru
305 1835 446 1916 singulari
462 1841 551 1915 atque
564 1834 797 1916 immensaque
810 1840 1075 1914 ergatetuamque
1095 1835 1218 1916 Regiam
1237 1838 1370 1902 Domum

220 1952 336 2012 sumus,
351 1940 476 2015 paterna
491 1932 709 2012 caritateque
728 1933 814 1996 novis
826 1929 999 2012 hujusmodi
1021 1933 1120 1994 mutui
1142 1934 1252 1996 amoris
1268 1939 1371 2000 causis

222 2032 321 2095 adbuc
334 2031 431 2112 magis
444 2030 588 2092 excrescit
602 2037 692 2112 atque
711 2031 884 2093 illustratur.
900 2030 979 2092 Dum
994 2030 1027 2089 tu
1042 2029 1133 2106 igitur
1147 2028 1186 2092 de
1200 2030 1370 2095 Pradeoes-

220 2149 322 2194 sorum
343 2138 464 2192 tuorum
485 2147 569 2190 more
589 2129 654 2190 Filii
677 2131 720 2190 tui
739 2128 876 2194 futuram
891 2128 920 2189 in
940 2125 1133 2207 amplissimis
1155 2127 1266 2207 Regnis
1292 2129 1370 2192 Suc-

221 2245 370 2290 cessorem
391 2227 421 2288 in
442 2226 595 2307 Baptismc
608 2226 771 2291 Nobiscum
790 2233 981 2307 suscepturus
1002 2244 1054 2298 es,
1071 2224 1160 2286 acad
1181 2226 1237 2286 dvi
1259 2244 1369 2290 nomen

223 2322 336 2383 Patrini
351 2339 511 2402 personam
529 2320 703 2401 adjungens,
717 2322 824 2384 deinde
845 2321 1040 2384 sanctissimis
1052 2321 1206 2400 religionis
1221 2341 1257 2384 ac
1273 2324 1369 2387 virtri-

220 2426 285 2480 tum
299 2420 452 2500 preceptis
464 2426 554 2500 atque
566 2421 709 2501 exemplis
730 2423 769 2483 ad
778 2422 920 2502 preclare
935 2419 1123 2501 regnandum
1139 2419 1367 2500 informaturus,

218 2517 280 2576 Nos
294 2521 412 2576 nostras
431 2515 523 2576 etiam
535 2532 658 2594 agemus
672 2525 785 2597 partes,
799 2516 973 2579 aceuudem
985 2534 1045 2577 una
1058 2523 1161 2577 tecum
1174 2518 1369 2600 suscipientes

219 2630 256 2672 oo
276 2611 418 2672 nimirum
432 2611 651 2691 impensissimo
663 2614 763 2675 officio
780 2614 892 2676 Putrini
907 2631 1018 2675 munus
1031 2612 1115 2675 obire
1128 2614 1321 2694 curabimus,
1336 2626 1370 2680 ut

220 2706 321 2768 eximii
334 2707 450 2787 paterni
465 2707 556 2769 animi
571 2707 602 2769 in
616 2727 685 2771 eum
703 2711 802 2774 studia
812 2713 914 2774 omnia
931 2712 1140 2790 conseramus,
1156 2732 1256 2796 neque
1274 2716 1369 2778 desis-

220 2816 320 2868 tamus
337 2823 470 2886 uuquam
481 2809 577 2868 Deum
592 2810 661 2889 Opt.
678 2810 757 2870 Max.
773 2829 829 2893 pro
840 2812 905 2888 ejus
922 2809 1139 2886 incolumitate,
1152 2809 1309 2888 felicitate,
1322 2830 1370 2874 ve·

220 2921 313 2984 reque
326 2924 362 2966 ac
382 2904 477 2966 solida
492 2905 587 2985 gloria
603 2905 768 2988 deprecari.
791 2908 991 2970 Vehementer
999 2901 1107 2987 itaque
1119 2908 1175 2969 tibi
1189 2927 1370 2990 persuasum

219 3025 284 3067 esse
310 3006 448 3089 cupimus
469 3024 603 3068 stammas
627 3005 737 3068 idcireo
760 3026 814 3089 per
833 3007 895 3068 Nos
912 3006 1016 3067 haberi
1031 3006 1179 3084 Maiestati
1191 3008 1265 3069 ‘lna
1279 3015 1369 3091 atque

220 3107 267 3186 agi
281 3106 409 3186 gratias,
431 3125 466 3168 ac
486 3124 556 3167 eum
578 3106 608 3166 iu
632 3104 755 3166 modurn
776 3104 872 3184 excipi
896 3123 914 3164 a
935 3102 1027 3164 Nobis
1050 3103 1114 3180 ejus
1142 3110 1200 3164 tun
1217 3104 1371 3167 societatis

219 3204 461 3265 communionem
472 3250 480 3279 ,
492 3212 525 3264 ut
540 3203 614 3264 nibil
630 3202 680 3263 illa
693 3203 740 3264 vel
762 3201 800 3263 ad
816 3202 998 3264 celebritatis
1018 3201 1128 3279 decus,
1144 3203 1190 3264 vel
1210 3203 1248 3267 ad
1261 3205 1370 3267 letitiae

217 3309 325 3363 nostra
336 3302 490 3364 cumulum
502 3302 654 3378 illustrius,
662 3308 751 3383 atque
758 3299 1065 3382 ampliusessepossit.
1075 3299 1370 3364 llludtantnmmodo

218 3399 392 3459 defuturum
406 3398 541 3459 videmus
564 3400 601 3459 nd
614 3399 707 3460 nostri
723 3397 822 3476 gaudii
835 3415 1001 3471 summam,
1023 3397 1105 3476 quod
1118 3397 1180 3458 Nos
1191 3396 1245 3477 ipsi
1258 3414 1370 3460 eoram

218 3493 371 3570 interesse,
388 3513 423 3555 ac
433 3501 536 3555 nostra
549 3514 604 3575 per
616 3496 675 3555 Nos
689 3495 772 3574 iungi
782 3501 869 3575 parte
879 3492 1060 3572 longissimis
1075 3492 1210 3555 locorum
1220 3492 1371 3558 interval-

218 3593 254 3653 lis
269 3593 465 3675 impedimur,
482 3593 646 3654 solabimur
657 3600 757 3653 tamen
771 3589 937 3652 absentiam
950 3590 1029 3649 hanc
1042 3589 1169 3668 optima,
1188 3608 1249 3670 qua
1266 3590 1372 3656 licebit

217 3690 343 3767 ratione,
354 3710 423 3753 cum
434 3690 530 3772 parati
543 3708 648 3751 sumus
659 3689 699 3749 illi
711 3689 790 3750 vires
804 3691 922 3748 nostras
933 3685 1127 3764 demandare,
1140 3704 1230 3768 quem
1244 3685 1309 3769 ipse
1320 3688 1371 3750 de·

219 3791 339 3868 legeris,
359 3793 470 3871 tibique
491 3798 610 3871 gratum
628 3788 691 3849 fore
705 3785 931 3866 significaveris,
951 3786 1001 3864 qui
1017 3784 1130 3846 scilicet
1150 3785 1370 3865 perseipsum

218 3886 310 3947 etiarn
331 3888 448 3949 efficere
466 3890 578 3968 possit,
594 3883 835 3966 acceptissimum
848 3881 902 3942 tibi
917 3889 950 3942 ut
962 3882 1015 3957 sit,
1031 3880 1111 3960 quod
1130 3888 1233 3942 nostro
1245 3879 1372 3940 nomine

218 3992 411 4067 praestaturus
424 3994 468 4046 est
486 4004 607 4048 mutans.
632 3982 717 4057 Quod
745 3979 896 4060 reliquum
916 3986 961 4040 cst
986 3977 1126 4058 quodque
1149 3977 1213 4058 ipse
1236 3974 1372 4037 maxime

217 4083 350 4162 postulas
366 4081 507 4156 aNobis,
522 4080 647 4143 assiduis
670 4101 688 4140 a
710 4083 770 4141 Deo
790 4079 930 4159 precibus
949 4077 1095 4159 petimus,
1115 4083 1148 4137 ut
1162 4074 1372 4138 felicissimum

218 4181 326 4242 nostris
340 4179 512 4259 hujusmodi
525 4180 601 4241 rotis
614 4179 664 4241 det
675 4178 808 4255 cadumi,
823 4185 911 4258 atque
928 4177 1020 4258 paulo
1037 4183 1115 4255 post,
1132 4191 1223 4255 quam
1239 4179 1299 4233 tuae
1314 4173 1373 4235 illac

220 4277 312 4338 Nobis
322 4278 547 4356 jucundissimae
559 4276 681 4339 reddita
693 4285 792 4338 essent
801 4276 903 4350 litera,
915 4294 985 4336 cum
1000 4272 1166 4336 udi-enissu
1174 4271 1238 4333 dies
1251 4272 1372 4334 Jacobo

219 4375 363 4451 ,apostolo
377 4376 527 4456 precipuo
547 4375 757 4454 Hispaniarum
773 4376 904 4433 Patrono
918 4389 1013 4445 sacer,
1031 4370 1217 4450 perreximus
1235 4366 1274 4428 ad
1290 4368 1372 4428 Nos-

219 4477 297 4530 tram
308 4472 484 4536 Sanctorum
498 4476 549 4534 ΧΠ
564 4472 776 4552 Apostolorum
792 4471 961 4541 basilicarii,
973 4469 1073 4548 ibique
1087 4469 1123 4530 ad
1139 4470 1256 4545 liltore,
1266 4466 1298 4528 in
1308 4482 1370 4547 quo
