3194 5354
661 495 864 557 cantitans
882 497 947 552 xlv

721 686 882 759 ‹lctvlll

474 853 651 895 CARiSSlHAE
674 854 709 893 ΙΝ
731 853 867 896 cumano
890 856 984 897 ntum
1007 859 1133 902 NOSTIAE

274 961 408 1028 lllAlllAE
429 961 632 1023 Titanasln·
653 960 869 1021 HUNGARIAE
889 962 1043 1023 REGINAE
1064 964 1335 1046 APOSTOLICAE,

496 1083 620 1139 uuonan
637 1083 790 1131 nonnum
806 1083 933 1143 naama
948 1085 1107 1147 mausum,

408 1190 440 1237 m
458 1189 657 1238 norrsnonuu
675 1188 910 1243 rrrnmsrmcnu
926 1190 1055 1249 annona
1071 1194 1193 1255 vinus,

537 1305 770 1382 CLEMENS
800 1307 924 1382 ΡΛΡΑ
956 1305 1061 1382 XIV.

1012 1467 1135 1526 Rotnoe,5
1150 1469 1230 1518 marni
1244 1474 1312 1521 llll.

268 1578 504 1644 canentque.
516 1571 657 1636 Reddidit
670 1571 761 1635 Nobis
769 1570 882 1637 litteras
892 1571 1069 1653 Apostolica
1078 1573 1242 1652 Maiestatis
1253 1579 1380 1645 Trudi-

225 1674 319 1742 lcctus
334 1672 412 1734 filius
426 1676 528 1734 noster
540 1669 708 1737 Alexander
718 1671 749 1732 S.
763 1672 799 1732 ll.
815 1673 850 1732 E.
867 1669 1032 1732 cardinalis
1047 1669 1195 1750 Albanus,
1207 1691 1335 1759 quaeque
1347 1678 1377 1748 iq

226 1771 264 1832 iis
282 1769 485 1847 continentur,
501 1769 564 1850 ipse
588 1774 634 1830 est
652 1768 744 1830 etiam
765 1786 900 1846 summo,
915 1787 976 1850 quo
1000 1769 1031 1830 in
1048 1774 1117 1831 tuas
1135 1787 1198 1831 esse
1211 1788 1259 1831 res
1279 1774 1371 1845 solet,

225 1868 326 1930 studio
338 1873 526 1950 prosecutus.
539 1867 582 1927 Ac
594 1865 741 1945 primum,
756 1870 790 1927 ut
805 1871 893 1928 antea
904 1883 958 1946 per
974 1865 1117 1937 dilectum
1131 1865 1225 1929 filiurn
1234 1877 1372 1931 nostrum

224 1966 413 2031 Cardinalem
425 1962 642 2026 Vicccomitem
656 1961 797 2038 certiores
811 1963 872 2024 Nos
890 1961 1004 2033 feceras
1012 2008 1020 2039 ,
1035 1963 1076 2024 ita
1090 1980 1171 2025 mmc
1185 1981 1240 2055 per
1258 1963 1376 2028 litteras

224 2064 374 2142 significas
384 2062 489 2140 Nobis,
501 2060 655 2125 carisuma
666 2059 696 2120 in
709 2058 826 2121 Christo
840 2059 901 2123 tilia
910 2066 1023 2137 nostra,
1036 2059 1164 2141 potitam
1175 2066 1206 2123 tc
1215 2079 1282 2124 esse
1296 2082 1376 2126 non,

223 2161 313 2222 nullis
326 2159 456 2233 Poloniae
477 2157 655 2240 provinciis,
670 2176 746 2237 quas
762 2157 811 2222 ille
830 2176 884 2233 rex
901 2163 932 2219 et
945 2158 1115 2239 respublica
1131 2157 1185 2220 tibi
1205 2166 1297 2249 atqua
1307 2163 1373 2222 Au-

222 2264 314 2335 gustas
327 2264 387 2321 tua
400 2255 507 2326 Domui
518 2260 685 2329 cessarunt,
699 2254 874 2333 Pergratum
882 2253 976 2316 Nobis
984 2253 1040 2316 init
1056 2253 1192 2320 officium
1201 2255 1263 2319 boc
1273 2261 1372 2332 tuum,

223 2360 377 2439 Deumque
390 2356 425 2418 Ο.
440 2357 481 2416 Μ.
498 2371 668 2434 precamur,
683 2359 717 2414 ut
734 2352 764 2414 id
778 2351 865 2429 felix,
884 2350 1130 2434 touunatumque
1141 2354 1294 2433 Maiestati
1303 2355 1374 2416 Tua

224 2473 290 2517 osse
302 2454 384 2515 velit.
403 2455 492 2520 Certo
512 2449 693 2513 confidimus
703 2457 770 2512 rata
783 2450 847 2513 fore
859 2456 929 2525 acta
947 2450 1011 2513 baec
1023 2458 1137 2530 nostra,
1150 2470 1291 2535 cumpro
1304 2451 1373 2536 pic-

224 2559 285 2612 tate
305 2553 367 2612 Nos
385 2549 535 2613 tualacile
549 2548 749 2627 intelligamus
763 2548 794 2609 in
807 2549 892 2611 novis
910 2550 1073 2631 provinciis
1087 2551 1146 2614 tuis
1166 2553 1293 2626 minime
1314 2572 1373 2616 nn-

223 2668 315 2728 quam
335 2649 476 2710 daiutura
497 2666 562 2715 esse
582 2646 685 2709 omnia
703 2645 891 2726 praesidiariis
909 2665 1042 2728 quorum
1060 2666 1139 2727 cura
1160 2668 1196 2712 ac
1214 2650 1373 2732 vigilantia

223 2746 391 2828 spirituales
404 2743 611 2818 ecclesiastica
624 2761 672 2805 res
683 2750 752 2805 sunt
763 2743 894 2807 creditae.
916 2734 1012 2821 Quum
1023 2746 1150 2826 eximis,
1162 2766 1258 2829 quam
1271 2750 1372 2831 ampla

223 2843 397 2924 hujusmodi
410 2842 505 2906 nostri
515 2842 554 2904 de
563 2847 593 2904 te
605 2841 696 2907 animi
704 2841 743 2905 sit
753 2841 898 2922 inductio,
910 2862 948 2907 ex
959 2863 1078 2915 summo
1089 2845 1182 2919 etiam
1196 2853 1301 2921 nostro
1313 2856 1373 2912 stu·

222 2943 272 3006 dio
283 2959 463 3023 cognoscere
472 2938 606 3023 potuisti,
618 2939 700 3020 quod
715 2939 813 3002 eidem
827 2939 974 3009 Caralinali
987 2941 1164 3008 Vicecomiti
1174 2944 1213 3007 ad
1224 2952 1256 3007 ta
1269 2955 1372 3010 nostro

222 3042 342 3104 nomine
364 3040 562 3105 deferendum
580 3038 804 3117 mandavimus,
826 3046 861 3102 ut
881 3059 974 3121 aqua
993 3039 1081 3113 unice
1103 3048 1174 3115 sunt
1186 3044 1373 3124 expectanda

219 3160 277 3221 pro
296 3140 439 3219 religione
455 3138 605 3215 subsidia,
623 3138 729 3201 eadem
750 3159 768 3205 a
789 3145 818 3200 te
831 3144 1004 3206 constarent
1025 3157 1061 3203 ac
1078 3144 1186 3223 parata
1199 3149 1301 3203 essent
1315 3140 1372 3204 boc

222 3247 373 3319 tempore,
384 3257 445 3318 quo
456 3237 586 3299 maxime
594 3236 761 3301 necessaria
773 3256 839 3300 ema
850 3236 998 3301 videmus.
1010 3237 1069 3302 Sed
1083 3239 1122 3302 de
1134 3240 1183 3303 his
1192 3240 1256 3323 ipso
1269 3242 1372 3308 cardi·

221 3335 297 3396 nolis
311 3352 415 3396 coram
424 3341 524 3396 tecum
536 3341 570 3396 ut
584 3334 628 3396 rai
638 3335 768 3413 gravitas
779 3336 931 3417 postulat,
944 3338 1054 3401 iterum
1073 3339 1210 3420 pluribus
1219 3349 1295 3421 aget,
1306 3343 1370 3406 Nos

220 3431 275 3493 etsi
285 3431 409 3494 omnino
421 3431 474 3493 tibi
484 3449 660 3512 persuasum
670 3451 735 3495 ease
746 3439 901 3514 optemus,
914 3443 1074 3516 paternum
1085 3437 1222 3507 animum
1229 3444 1368 3503 nostrum

220 3529 312 3593 rebus
328 3529 388 3592 tuis
405 3527 561 3606 omnibus,
577 3530 707 3610 Tuaeque
720 3533 834 3593 Domus
847 3530 988 3596 felicitate
1008 3535 1197 3617 singulariter
1207 3535 1284 3601 affici
1295 3583 1304 3614 ,
1316 3544 1370 3599 tn-

220 3646 290 3689 men
304 3626 426 3689 minime
445 3644 525 3688 mmc
543 3644 620 3707 opus
634 3645 699 3689 esse
718 3625 890 3704 judicamus
911 3631 1041 3693 uberiori
1057 3651 1161 3696 sensus
1180 3631 1235 3695 bos
1246 3639 1370 3699 noetros

220 3724 436 3803 significatione
450 3722 664 3804 comprobare,
683 3742 754 3787 cnm
769 3725 888 3789 abunde
906 3726 960 3790 tibi
974 3728 1097 3791 eosdem
1116 3746 1192 3810 sape
1203 3733 1297 3791 anua
1309 3729 1369 3792 da-

219 3823 445 3901 ciaraverimus,
460 3843 518 3886 nac
536 3824 635 3891 minus
648 3843 741 3905 opera
760 3825 852 3887 etiam
871 3831 992 3903 nostra,
1009 3845 1081 3891 cum
1093 3844 1168 3909 opus
1180 3824 1259 3905 luit,
1273 3845 1368 3908 quam

218 3920 297 3984 votis
308 3919 432 3982 consilia
446 3926 499 3982 tua
514 3921 616 3984 omnia
629 3922 780 4002 prosecuti
792 3923 900 3999 simus,
916 3941 982 4005 quc
996 3922 1034 3993 ad
1048 3929 1170 3987 tuorum
1182 3923 1368 4005 populorum

218 4021 396 4095 utilitatem,
411 4037 446 4080 ac
464 4013 516 4080 nei
536 4019 628 4100 ipsius
643 4020 770 4100 gloriam
781 4027 867 4082 erant
883 4039 1041 4096 conversa,
1053 4020 1169 4084 Eodem
1184 4038 1266 4089 nunc
1278 4022 1368 4103 plane

219 4122 320 4182 auimo
344 4115 532 4198 excepimus,
555 4115 638 4196 quod
661 4116 802 4199 deinceps
821 4119 850 4179 in
865 4116 925 4179 tuis
944 4117 1050 4179 litteris
1065 4136 1084 4179 a
1102 4115 1197 4179 Nobis
1216 4116 1366 4198 postulas,
1395 4193 1403 4204 .

218 4224 307 4298 atque
323 4215 434 4278 idcirco
454 4212 556 4276 statim
569 4219 631 4279 tam
647 4214 702 4295 ipsi
717 4214 864 4276 cardinali
886 4213 1079 4290 vicecomiti,
1098 4231 1191 4295 qnam
1206 4219 1313 4276 nostro
1338 4214 1367 4275 in

219 4311 341 4374 l‘olonin
354 4312 460 4374 nuntio
478 4310 672 4386 mandamus,
690 4318 723 4373 ut
735 4330 801 4392 qun
816 4312 912 4374 multa
926 4313 1049 4374 interest
1060 4312 1122 4373 Nos
1139 4310 1215 4373 scire
1227 4318 1368 4374 accurmc

218 4406 375 4486 exquirant
384 4409 486 4472 omnia
498 4409 535 4471 ad
547 4412 667 4490 Nosque
678 4409 876 4493 perscribant,
889 4409 998 4489 quibus
1007 4408 1151 4470 nimirum
1163 4408 1206 4470 nti
1222 4407 1254 4469 in
1266 4413 1367 4470 nostra

218 4502 255 4563 do
269 4506 351 4563 tanta
366 4522 396 4563 re
409 4504 637 4584 deliberationc,
652 4507 926 4587 opportunioraqno
940 4505 1064 4567 consilia
1078 4524 1188 4586 capcrc
1199 4505 1363 4567 valcamus.
