3194 5354
359 487 540 543 EPlSTOLAE
559 487 604 541 ET
623 486 756 542 BREVlA
774 484 1003 541 SELECHORA.
1220 491 1253 540 77

105 601 288 676 potestatem
312 592 458 670 tacimus,
481 592 603 653 eosdem
631 608 813 671 magnopere
835 591 1011 666 hortamus,
1035 595 1068 650 ut
1095 590 1174 663 beati
1197 611 1254 672 pa-

107 692 161 753 tris
186 690 324 771 spiritum
344 707 462 769 semper
484 688 632 750 retineant
650 694 714 749 tam
739 686 877 766 religiosa
895 685 1014 747 visendi
1033 685 1201 755 humilitate
1224 696 1255 750 et

109 789 202 851 ditini
216 789 317 851 cultus
334 787 448 864 dudio,
463 806 556 868 quam
576 787 694 848 illarum
714 785 922 866 precationum
943 782 1133 860 assiduitate,
1144 786 1255 865 quibus

105 886 316 967 gratossetibi
324 885 490 966 prasertim
499 884 675 960 exhibeant,
687 882 838 944 tescilicet
846 888 990 962 tuannque
1001 880 1114 960 regiam
1124 884 1254 944 Domum

107 976 338 1063 universumque
353 1000 481 1062 regnum
495 981 694 1062 omnipotenti
709 983 770 1042 lteo
784 998 902 1062 semper
915 981 1173 1044 commendantes.
1189 985 1254 1045 lloc

105 1082 198 1143 modo
212 1087 354 1161 poterunt
366 1079 424 1159 ipsi
435 1087 467 1142 et
478 1098 534 1141 suo
551 1098 623 1159 erga
643 1087 672 1141 te
687 1079 834 1156 muneris,
853 1087 884 1141 et
903 1083 1014 1144 Nostro
1031 1081 1133 1144 detua
1151 1083 1255 1164 tuique

106 1178 245 1241 catholici
264 1177 348 1258 regui
365 1177 506 1240 felicitate
528 1176 676 1239 desiderio
691 1178 832 1258 praeclare
848 1179 1037 1258 satisfacere3
1056 1199 1153 1262 neque
1173 1181 1252 1243 enim

109 1275 274 1355 quidquam
293 1280 435 1354 optamus
452 1273 565 1354 magis,
586 1274 742 1336 Carissimo
754 1275 785 1337 in
799 1276 914 1339 Christo
931 1277 973 1339 lili
987 1283 1098 1356 uoawr,
1112 1296 1205 1359 quarn
1220 1287 1254 1340 ut

106 1370 243 1432 omnium
268 1371 431 1434 coelestium
456 1370 706 1433 Benedictionum
732 1371 818 1452 copia
837 1391 956 1453 semper
981 1374 1097 1436 affluas.
1119 1377 1205 1437 Hanc
1224 1383 1254 1437 tc

103 1468 205 1547 magis
217 1468 248 1529 in
266 1468 331 1530 dies
344 1469 578 1549 promeriturum
591 1475 644 1530 tuo
661 1488 717 1549 pro
735 1469 834 1531 divina
851 1470 946 1550 gloria
962 1472 1159 1553 Ecclesiaeque
1176 1473 1253 1533 utili-

106 1572 169 1628 tate
195 1567 400 1647 promovenda
419 1566 518 1628 studio
541 1567 664 1628 minime
687 1566 871 1630 dubitamus.
893 1570 988 1642 Quam
1010 1568 1048 1631 de
1072 1575 1102 1630 te
1122 1569 1252 1631 maxime

108 1665 245 1745 capimus
267 1684 302 1728 ex
319 1665 482 1746 perspectis
501 1666 589 1745 regiis
603 1664 762 1726 virtutihus
783 1665 841 1726 tuis
858 1665 1011 1742 fiduciam,
1035 1684 1164 1746 eamque
1181 1685 1252 1728 curn

107 1761 263 1840 singularis
279 1781 351 1843 erga
371 1770 402 1823 te
421 1769 554 1842 patema
575 1762 694 1841 pietatis
717 1762 884 1823 constantia
903 1762 946 1823 ita
965 1763 1191 1842 conjungimus,
1220 1771 1253 1824 ut

106 1958 221 2021 indiciis
240 1958 295 2019 tibi
315 1956 556 2037 comprobandae.
579 1959 623 2017 llc
642 1957 671 2017 in
694 1957 783 2037 hujus
803 1956 961 2037 pontificia
980 1957 1141 2019 voluntatis
1161 1978 1253 2039 argu-

108 2062 246 2117 mentum
272 2053 465 2134 apostolicam
486 2051 725 2114 benedictionem
749 2052 818 2129 tibi,
844 2052 1000 2115 carissime
1025 2054 1055 2115 in
1075 2055 1191 2117 Christo
1211 2057 1252 2116 fili

105 2160 223 2227 noster,
246 2150 361 2230 totique
377 2135 463 2229 regia
484 2148 614 2210 Familia
634 2156 692 2210 tua
707 2150 811 2211 intimo
825 2149 924 2211 cordis
937 2151 1029 2212 nostri
1042 2168 1131 2213 sensu
1140 2170 1254 2232 *aman-

105 2246 219 2308 tissime
239 2246 438 2327 impertimur.
456 2247 572 2308 Datum
586 2246 698 2315 liomoe,
717 2252 787 2317 etc,
807 2247 888 2308 dien
907 2249 1017 2325 aprilis
1038 2258 1125 2323 ttw,
1144 2253 1254 2327 ponti-

105 2344 214 2410 matus
230 2346 323 2404 nostri
336 2360 416 2403 cano
423 2346 535 2421 primo.

631 2572 731 2640 Lxx.

558 2729 692 2771 arnecto
716 2730 803 2773 aluo

483 2836 715 2895 mutantium
733 2837 868 2908 PINTO,

179 2957 364 3005 uosrrmurs
381 2958 405 3005 s.
422 2958 553 3007 ioannis
569 2960 862 3008 uranosouuurraur
878 2962 989 3010 uacuo
1005 2962 1182 3022 uacrsrao,

416 3061 651 3140 CLEMENS
678 3066 807 3140 PAPA
834 3065 939 3140 XIV.

887 3216 983 3274 nome,
999 3216 1105 3278 taprilis
1123 3221 1190 3268 1770.

147 3313 276 3386 Dilecta,
288 3321 348 3377 ete.
369 3315 509 3378 Dolorem
526 3337 544 3379 a
559 3325 589 3380 te
602 3326 777 3401 perceptum
792 3320 832 3383 ob
846 3339 898 3397 ea,
916 3340 982 3401 qua
997 3321 1085 3384 isthic
1104 3324 1254 3390 immode-

106 3424 170 3479 rate
182 3423 266 3498 gesta
279 3435 343 3479 esse
357 3416 525 3497 significas,
541 3417 870 3500 offensionesqueinter
883 3437 1068 3498 insomnes,
1085 3440 1121 3484 ac
1132 3430 1254 3504 pertur-

105 3520 212 3582 batum
224 3537 326 3581 rerum
341 3525 508 3582 vestrarum
522 3525 635 3581 statum
649 3523 842 3600 permoleste,
857 3527 891 3581 ut
901 3538 957 3600 par
970 3527 1050 3596 erat,
1063 3522 1251 3601 accepimus,

106 3618 212 3681 dilecte
234 3619 295 3695 lili,
316 3637 373 3699 pro
395 3625 499 3680 nostro
517 3624 649 3699 paterna
661 3617 796 3679 caritatis
817 3636 889 3697 erga
903 3626 933 3679 te
947 3625 1094 3698 tuumque
1114 3620 1252 3683 ordinem

107 3715 224 3793 studio,
237 3733 329 3796 quern
344 3714 406 3776 suis
420 3714 475 3776 niti
494 3714 627 3795 pristinis
638 3714 770 3794 legibus,
785 3720 925 3794 rectaque
939 3714 1156 3776 servandorum
1172 3717 1254 3781 insti-

106 3823 240 3877 tutorum
253 3815 369 3878 ratione
381 3814 481 3895 vigere
496 3814 688 3875 vehementer
699 3818 851 3892 optamus.
867 3811 1014 3889 Maiorem
1028 3811 1129 3893 itaque
1140 3814 1170 3875 in
1183 3834 1253 3877 rno-

107 3909 180 3971 dum
203 3911 323 3973 excitati
348 3929 468 3985 sumus,
493 3916 528 3970 ut
548 3927 657 3989 opera,
674 3907 815 3984 consilio,
837 3914 927 3987 atque
950 3907 1128 3971 auctoritate
1150 3919 1252 3974 nostra

106 4007 254 4085 ejusmodi
281 4007 378 4070 dolori
401 4016 471 4084 tuo,
487 4007 650 4086 vestrisque
664 4023 859 4068 occurramus
878 4005 1093 4083 incommodis,
1108 4014 1252 4089 tantaque

107 4106 299 4169 contentione
312 4106 480 4186 disruptam
501 4104 671 4166 animorum
686 4102 931 4182 tranquillitatem
953 4104 1098 4166 intervos
1119 4104 1254 4168 redinte-

108 4202 188 4281 grari
201 4222 354 4273 curemus.
376 4201 505 4276 Proinde
520 4201 630 4263 dilecto
650 4201 712 4262 tilio
727 4199 892 4281 apostolico
910 4200 1077 4280 inquisitori
1098 4199 1258 4281 diligenter.

105 4302 136 4363 in
147 4301 297 4376 mandatis
304 4303 413 4365 damus
418 4319 467 4378 ea,
477 4319 544 4381 qua
550 4297 700 4362 desiderio
708 4305 762 4359 tuo
770 4297 967 4378 praesentique
977 4302 1142 4358 vestrarum
1151 4317 1257 4371 ,rerum¹

106 4399 237 4480 tempori
252 4400 382 4472 maxime
397 4400 574 4472 convenire,
590 4416 626 4460 ac
639 4397 724 4459 vobis
738 4403 908 4477 opportuna
924 4395 987 4456 fore
1006 4413 1066 4475 prae
1080 4398 1187 4461 ceteris
1201 4420 1253 4461 ar-

105 4495 268 4574 bitramur,
280 4496 463 4591 minimaque
475 4494 673 4592 ambigimus,
687 4493 759 4573 quin
775 4492 874 4555 eidem
892 4491 929 4554 de
948 4492 1078 4554 ineunda
1092 4496 1254 4566 concordia
