3194 5354
468 496 654 552 aristone:
672 496 717 550 ET
735 495 869 550 ausvis
888 493 1122 552 subactione.
1322 503 1370 551 tra

222 599 385 678 Nanctum,
393 599 450 682 'qui
465 601 545 662 vices
559 607 680 662 nostras
694 605 829 680 peragat,
844 617 974 680 eumque
989 600 1099 662 nostris
1118 599 1148 660 11
1162 599 1258 662 torma
1270 601 1372 662 Brevis

224 701 320 762 literis
333 699 502 781 specialiter
515 697 554 760 ad
569 697 635 761 ‘boc
656 697 803 778 deputare
822 715 857 759 ac
874 696 1024 759 destinare
1037 695 1201 772 voluimus,
1223 697 1373 776 quemad-

222 797 349 860 modum
371 803 461 859 antea
479 796 622 873 fecimus,
642 813 713 857 cum
727 794 826 856 eidem
845 795 875 857 in
892 812 988 873 sacra
1006 793 1170 855 vestitionis
1189 795 1374 857 ceremoniis

222 895 365 974 fungendi
381 893 491 956 uostris
503 892 641 973 partibus
659 910 769 953 munus
783 890 1009 952 mandaremus.
1026 889 1111 964 Quod
1130 889 1218 970 igitur
1230 891 1373 972 acceptis·

226 991 337 1052 simum
353 989 500 1068 Majestati
515 991 587 1051 Tua
603 996 675 1050 tunc
688 988 779 1050 luisse
796 987 926 1065 scimus,
941 987 1028 1049 facilc
1048 986 1142 1048 Nobis
1157 985 1372 1068 persuademus

225 1086 256 1147 id
270 1087 454 1149 nuncetiam
463 1085 560 1146 multo
572 1085 668 1165 magis
677 1092 798 1164 gratum
807 1083 882 1159 iore,
896 1102 966 1145 cum
981 1084 1011 1145 in
1022 1084 1080 1145 hac
1089 1090 1151 1146 tam
1161 1082 1261 1144 eximii
1273 1084 1372 1164 operis

221 1184 404 1264 perfectione
421 1183 539 1245 virtutis
560 1202 595 1245 ac
614 1183 782 1245 sanctitatis
794 1182 908 1264 species
926 1181 1026 1243 lutura
1040 1181 1078 1242 sit
1101 1179 1276 1242 absolutior.
1296 1181 1324 1241 Α
1344 1188 1373 1242 te

224 1281 314 1361 igitur
329 1280 521 1365 vehementer
539 1280 670 1362 petimus
684 1286 718 1341 ut
731 1280 811 1343 hanc
829 1279 878 1360 pie
893 1286 983 1358 atque
1001 1286 1148 1354 amanter,
1164 1276 1374 1354 111111111-

221 1378 315 1460 cipias
326 1378 513 1440 voluntatem
528 1384 679 1454 nostram,
692 1395 789 1457 eoque
808 1382 898 1456 pacto
914 1375 967 1436 des
981 1391 1116 1455 operam,
1131 1380 1166 1434 ut
1180 1373 1210 1435 in
1221 1374 1280 1436 hac
1288 1382 1374 1455 parte

225 1475 387 1537 minimum
400 1474 438 1538 de
453 1482 556 1537 nostra
571 1474 761 1554 jucunditate
772 1492 827 1556 per
842 1473 1008 1535 absentiam
1019 1472 1187 1534 detractum
1202 1491 1268 1535 esse
1281 1492 1375 1555 expe-

225 1577 352 1653 riamur,
368 1595 403 1638 ac
425 1575 546 1638 abunde
565 1584 663 1657 perte
684 1574 870 1636 satisfactum
892 1573 1027 1633 laetemur
1048 1570 1173 1649 egregiae
1191 1589 1227 1631 ac
1249 1589 1376 1633 summae

226 1672 428 1753 caritatique
456 1678 486 1733 te
509 1678 654 1752 tuamque
680 1669 804 1750 Regiam
830 1670 959 1728 Domum
986 1665 1208 1745 prosequimur,
1235 1664 1265 1726 in
1288 1666 1376 1745 cujus

225 1768 351 1831 uberius
365 1772 576 1849 argumentum
596 1758 793 1847 apostolicam
807 1760 1046 1824 benedictionem
1066 1760 1228 1824 caelestium
1239 1761 1375 1825 omnium

224 1865 471 1928 benedictionum
498 1862 652 1943 auspicem
683 1858 832 1938 ltlajestati
854 1859 943 1935 Tua,
966 1858 1083 1938 tuisque
1107 1858 1248 1921 omnibus
1278 1858 1376 1938 Regiis

224 1962 341 2025 Liberis
352 1961 461 2023 intimo
477 1960 596 2041 paterni
608 1959 707 2021 cordis
719 1976 807 2020 sensu
821 1956 1025 2019 amantissime
1046 1956 1245 2038 impertimur.
1261 1959 1375 2018 Dotem

223 2059 337 2127 Roma,
352 2057 485 2128 111.,11ι·1
500 2066 536 2116 tt
549 2061 671 2134 augusti
686 2066 773 2131 1111,
786 2055 982 2133 pontificatus
1000 2059 1187 2115 1111111111
1209 2058 1305 2115 tertio.

747 2288 855 2358 CLlll.

682 2447 814 2491 ninac'ro
837 2446 923 2488 nno

471 2555 613 2616 JOANNI
635 2553 867 2615 normanno
888 2550 1124 2624 atdrusun,

396 2672 590 2721 1111111111
607 2669 819 2719 1111111111
835 2668 1040 2719 conomausrs
1056 2670 1198 2728 necaro,

536 2772 771 2853 CLEMENS
798 2776 928 2854 PAPA
954 2774 1072 2851 XIV.-

989 2924 1083 2982 Roman,
1100 2922 1229 2983 1711111111
1246 2925 1315 2973 1771,

266 3021 397 3094 Dilecta,
409 3031 468 3085 111.
483 3020 859 3102 Vehementergaudemus
869 3033 898 3084 et
909 3026 1038 3104 primam
1048 3024 1211 3086 editionem
1224 3025 1377 3105 Apologe-
1488 3029 1489 3034 ’

222 3116 276 3179 tici
290 3124 394 3179 contra
412 3118 595 3179 Febroninm
613 3118 655 3179 tui
670 3119 830 3199 probatam
841 3122 961 3202 publice
974 3120 1083 3199 fuisse,
1095 3140 1131 3183 ac
1148 3121 1235 3184 facile
1248 3119 1378 3186 distrac-

224 3225 287 3278 tam
300 3263 308 3294 ,
321 3224 352 3297 et
366 3235 446 3279 nunc
466 3217 594 3279 alterum
609 3235 627 3278 a
642 3223 671 3278 te
694 3216 930 3280 emendatiorem
952 3225 1041 3300 atque
1061 3220 1226 3283 auctiorem
1240 3208 1376 3283 curatam

227 3331 303 3374 esse.
327 3313 400 3391 Eius
421 3313 595 3394 exemplum
619 3319 689 3373 ate
713 3312 805 3373 Nobis
827 3315 1036 3378 transmissum
1060 3333 1097 3378 co
1121 3318 1181 3379 Nos
1202 3318 1377 3399 excepimus

227 3409 409 3488 animo‚quo
419 3409 590 3470 tumaxime
600 3406 686 3469 velis:
698 3407 859 3472 Pontificiae
868 3407 1057 3492 soiliccterga
1068 3421 1098 3475 te
1108 3413 1330 3493 benevolentia,
1342 3432 1377 3476 11

229 3505 458 3567 existimationis
469 3504 654 3587 plenissimo.
668 3500 836 3570 Probamus
850 3527 936 3589 sane,
954 3510 1062 3573 dilecte
1080 3511 1140 3588 lili,
1157 3529 1192 3572 ac
1211 3511 1376 3592 plurimum

229 3602 480 3665 commendamus
494 3609 546 3664 tua
560 3602 626 3664 haec
647 3602 764 3679 studia,
786 3624 853 3685 quar
870 3614 955 3668 tanta
975 3626 1045 3670 oum
1061 3608 1174 3689 pietate
1189 3627 1224 3669 ac
1241 3606 1378 3669 doctrina

223 3701 385 3764 intuendis
396 3703 575 3784 Apostolicae
583 3703 668 3765 Sedis
672 3703 792 3783 juribus
802 3704 961 3786 impendis,
972 3714 1061 3787 atque
1073 3706 1164 3767 etiam
1175 3706 1375 3782 tebortamur‚

224 3802 258 3857 ut
272 3797 406 3876 quotidie
416 3799 584 3859 exorientes
594 3798 839 3878 hoctemporein
849 3801 982 3863 Ecclesia
991 3801 1139 3881 eiusmodi
1149 3802 1297 3865 novitates
1305 3821 1377 3884 per-

226 3913 281 3972 gas
294 3896 448 3974 audacter,
462 3904 495 3958 ut
509 3898 575 3976 jam
593 3904 623 3957 tc
644 3896 812 3976 iacturum,
832 3900 895 3960 Deo
907 3899 1032 3977 juvante
1043 3898 1210 3981 polliceris,
1224 3898 1375 3961 insectari.

226 3993 339 4054 Prater
351 3993 432 4056 enirn
448 4013 541 4076 quam
552 3994 634 4076 quod
648 3995 795 4076 optimam
812 4013 935 4057 causam
945 4015 1155 4078 propugnare,
1172 4016 1207 4059 ac
1225 4015 1282 4078 pro
1296 3996 1376 4056 veri-

223 4095 292 4151 tate
308 4089 461 4153 deccrtare
484 4092 618 4155 maxima
629 4110 747 4174 semper
758 4092 789 4153 in
801 4092 890 4154 laude
903 4093 1037 4179 positum
1053 4093 1128 4171 suit,
1151 4091 1273 4173 augebis
1284 4091 1376 4154 etiam

224 4189 374 4266 majorem
388 4187 420 4249 in
432 4188 557 4252 mollum
568 4191 676 4253 merita
685 4189 724 4252 dc
736 4177 829 4252 Nobis
840 4195 904 4266 tua,
915 4197 1006 4271 atque
1014 4190 1108 4267 illam,
1119 4208 1210 4271 quam
1219 4188 1257 4249 de
1265 4189 1376 4250 Sancta

226 4282 285 4342 bac
302 4282 379 4345 Sede
392 4284 533 4364 preclare
546 4287 612 4365 jam
633 4286 731 4362 inisti,
754 4303 825 4364 erga
846 4293 875 4346 te
895 4288 1022 4365 gratiam
1043 4284 1221 4346 cumulabis.
1249 4274 1372 4346 Interim

225 4379 436 4459 paratissimos
449 4399 505 4462 pro
518 4383 744 4465 opportunitate
764 4381 828 4445 iore
849 4400 954 4445 omnes
971 4388 1081 4443 nostrae
1100 4398 1171 4460 erga
1194 4387 1224 4444 te
1242 4388 1373 4462 paterna

223 4474 358 4540 caritatis
380 4476 494 4542 tructus
516 4489 550 4545 ut
564 4475 729 4562 tibi‘magis
749 4479 1156 4562 persuadeas,certissimum
1175 4482 1253 4546 habe
1266 4483 1374 4566 pignus
