3180 5354
475 437 655 492 EPISTOLAE
675 439 718 492 ET
738 440 866 494 abavia
886 441 1119 499 saudemont.
1319 455 1366 504 m

227 539 480 618 consentaneae
493 540 693 622 impertimur,
706 561 742 603 ac
750 549 894 624 praetcrea
909 545 1005 625 ipsam
1019 547 1097 609 hanc
1109 549 1237 627 gratiam
1249 551 1287 611 ad
1300 571 1369 613 onr-

226 638 398 700 nemetiam
408 639 538 702 nobilem
549 639 695 701 familiam
704 633 795 702 ‘tunm
813 647 941 722 tuosque
953 643 983 704 in
997 651 1175 725 perpetuum
1190 645 1369 710 descenden-

226 742 283 798 tes¹
293 736 400 801 eadem
420 744 523 800 nostra
536 744 685 818 potestate
698 739 904 817 extendimus,
918 758 954 802 ac
971 732 1134 820 largimur.¹
1145 743 1189 805 Eo
1205 741 1286 807 enirn
1305 745 1367 823 pio,

227 852 263 896 ιι
274 835 397 916 perenni
408 841 538 917 paterne
549 842 659 898 nostrae
668 837 802 899 caritatis
813 838 941 918 pignore
957 839 1095 902 volumus
1105 838 1185 920 apud
1196 845 1226 901 ιι
1242 846 1370 923 tuosque

225 949 345 1013 semper
369 940 489 995 tuorum
510 932 548 995 de
570 932 662 995 Nobis
684 926 877 1012 meritorum,
912 945 1081 1018 nostreque
1096 936 1226 1008 invicem
1246 956 1317 1019 erga
1339 948 1370 1002 tc

224 1037 317 1110 grutae
336 1031 496 1095 voluntatis
512 1032 692 1096 memoriam
717 1052 881 1096 remanere.
902 1036 1013 1096 Fruere
1036 1023 1156 1116 itaque,
1178 1022 1369 1098 diiectissimo

225 1125 393 1191 tib-nobilis
412 1128 469 1205 vir,
490 1128 550 1190 boe
570 1129 739 1210 apostolice
761 1125 952 1210 benignitatis
973 1130 1092 1208 trrrctu,
1118 1150 1153 1194 ac
1171 1120 1202 1193 iix
1218 1131 1278 1194 tuis
1300 1139 1369 1194 aute

223 1221 443 1302 eameffigiem
453 1224 592 1304 precibus
612 1225 761 1305 praecipue
783 1245 923 1307 operam,
946 1235 979 1289 ut
1001 1177 1287 1292 commendatiorem
1308 1232 1369 1291 Deo

224 1316 317 1380 iacias
330 1318 496 1381 Ecclesiam
516 1338 621 1396 suam,
634 1322 778 1402 Nosque
772 1323 956 1403 ipsosetiam
976 1325 1076 1405 quite
1094 1332 1158 1387 tant
1159 1343 1249 1407 opere
1268 1319 1369 1406 diligi-

224 1422 308 1491 mus,
337 1398 451 1524 tibique
470 1416 537 1478 taeta
558 1435 675 1497 semper
700 1435 736 1479 ac
753 1416 853 1480 fausta
875 1437 893 1478 a
913 1419 1040 1480 Domino
1069 1438 1227 1499 precamur
1249 1419 1367 1496 omnia;

223 1529 353 1592 quorum
365 1512 516 1592 auspicem
533 1512 706 1593 apostolicas
716 1513 932 1577 benedictionis
946 1515 1094 1578 nobilitati
1108 1523 1165 1578 tuae
1176 1524 1368 1598 peramanter

224 1608 422 1689 impertimur.
440 1612 553 1672 Dotem
574 1611 685 1681 Rome,
705 1617 774 1681 ete,
797 1613 848 1673 die
864 1624 896 1672 ιι
915 1617 1035 1691 aequati
1060 1626 1148 1692 1771,
1174 1618 1369 1696 pontificatus

224 1711 320 1768 nostri
328 1725 407 1767 enno
423 1712 521 1768 tertio.

712 1812 885 1824 n--u

724 1922 860 2000 CLVIII.

481 2087 647 2129 CARiSSiMO
670 2089 702 2128 {u
727 2088 859 2131 CHRISTO
881 2086 967 2130 mro
992 2087 1107 2131 NOSTRO

389 2191 538 2251 canoro
566 2191 836 2253 nrsrxxrnnuu
866 2195 957 2254 aner
988 2164 1202 2256 carnouco

532 2306 766 2393 CLEMENS
794 2318 921 2395 PAPA
951 2309 1056 2395 XIV

416 2512 419 2517 -
947 2479 1040 2537 Roma,
1053 2473 1220 2540 oseptembris
1235 2480 1302 2526 1771.

249 2529 439 2648 ιιιιιιιιιιι,
454 2585 510 2642 ιιι
526 2580 651 2653 Quando
666 2600 684 2642 a
692 2583 792 2644 Nobis
807 2590 876 2664 post
863 2584 959 2660 tulas,
980 2580 1134 2646 carissime
1151 2582 1182 2651 in
1194 2581 1311 2643 Christo
1326 2582 1367 2644 frti

221 2676 338 2753 Noster,
354 2675 392 2737 de
403 2693 482 2737 novo
495 2677 637 2758 Equitum
650 2679 760 2743 Ordine
771 2681 952 2753 instituendo
968 2679 1217 2762 Constitutionem
1230 2697 1283 2741 seu
1295 2676 1369 2740 Nul-

221 2773 299 2849 1⁸¹⁰>
311 2790 407 2852 neque
422 2779 486 2834 tarn
503 2782 637 2854 secrete,
658 2796 755 2858 neque
775 2785 838 2840 tam
860 2779 922 2840 cito
939 2776 1046 2841 confici
1066 2783 1184 2858 potest,
1198 2793 1292 2855 quam
1315 2783 1366 2850 tu,

219 2871 339 2949 Nosque
352 2869 506 2933 vellemus.
522 2874 578 2932 Per
598 2872 764 2937 multorum
779 2874 859 2935 enim
878 2891 986 2951 manus
1005 2879 1166 2952 antequam
1179 2871 1368 2959 expediretur

219 2966 365 3040 transire,
377 2964 422 3024 de
419 2983 558 3044 quorum
576 2967 713 3028 omnium
725 2967 833 3029 silentii
846 2966 905 3029 tide
918 2969 992 3030 certi
1003 2986 1066 3029 esse
1080 2985 1141 3028 non
1152 2984 1324 3047 possumus,
1338 2974 1368 3027 et

218 3081 272 3124 eas
282 3080 330 3124 res
341 3060 494 3124 continere
507 3061 644 3140 deberet,
657 3063 695 3125 de
705 3064 814 3144 quibus
824 3070 945 3126 maturo
956 3063 1040 3143 prius
1049 3062 1203 3124 consitioa
1212 3062 1305 3148 Nobis
1317 3061 1369 3124 de-

218 3157 339 3221 liberari
354 3175 476 3220 necesse
488 3165 546 3220 est
570 3159 697 3221 Proinde
719 3161 799 3222 banc
812 3147 902 3221 etiarn
915 3156 1035 3241 gerendi
1050 3159 1104 3221 tibi
1120 3177 1237 3222 morem
1261 3158 1369 3220 incun-

219 3258 291 3321 danr
304 3275 386 3318 nune
403 3270 468 3318 esse
488 3257 568 3327 viam
581 3259 750 3326 necessario
768 3252 919 3336 duximus,
932 3263 966 3321 ιιι
979 3256 1195 3319 conficerentur
1207 3275 1248 3317 ιιι
1260 3263 1369 3318 nostrin

220 3358 251 3419 in
261 3356 360 3419 forma
371 3354 474 3416 Brevis
487 3354 592 3419 litterae
602 3375 688 3437 „que
707 3356 745 3418 ad
756 3363 932 3438 perpetuam
946 3355 988 3420 rei
1005 3354 1184 3441 memoriam
1200 3353 1366 3417 inscribun-

220 3461 280 3532 tur,
301 3471 426 3534 queque
447 3453 648 3516 omnem‘vim
665 3453 797 3516 habeant
821 3453 859 3514 ad
883 3452 967 3514 ilium
984 3470 1097 3514 novum
1118 3449 1259 3513 Ordinem
1281 3449 1368 3512 iusti-

220 3551 382 3630 tuendum,
397 3570 493 3632 eaque
511 3551 767 3632 comprehendant
780 3551 883 3628 omnia
901 3570 966 3633 que
986 3550 1105 3612 iuterim
1124 3549 1162 3611 ad
1178 3549 1243 3626 ejus
1257 3546 1365 3609 funda*

220 3651 308 3713 tionis
321 3650 470 3713 rationem
486 3649 652 3731 pertinent,
667 3650 787 3731 citoque
800 3649 922 3731 pariter,
939 3667 975 3712 ac
987 3654 1102 3711 secreto
1114 3644 1323 3720 conficiantur,
1338 3651 1369 3705 ιι

220 3745 259 3808 ad
281 3749 467 3826 Maiestatem
487 3749 584 3809 Τιιιιιι
598 3747 849 3810 transmittantur.
870 3749 929 3809 Eas
951 3747 1039 3827 igitur
1058 3743 1140 3806 hisee
1157 3741 1267 3805 nostris
1291 3761 1368 3806 cona

217 3846 336 3924 junctas
351 3847 389 3909 ad
401 3853 432 3908 te
445 3845 605 3921 mittimus,
622 3863 658 3908 ac
669 3844 755 3906 valde
769 3843 948 3907 confidimus
962 3848 1080 3923 gratam
1091 3840 1145 3903 tibi
1156 3839 1291 3902 suturam
1302 3858 1368 3902 esse

219 3949 353 4005 nostram
370 3941 448 4006 banc
466 3949 519 4006 tuo
538 3942 686 4006 desiderio
699 3962 769 4004 eum
781 3943 812 4005 in
825 3942 949 4005 modum
963 3938 1159 4020 obsequendi,
1174 3937 1364 4000 industriam.

219 4043 281 4102 Deo
296 4059 387 4121 porro
398 4041 521 4120 juvante
540 4048 571 4103 et
585 4038 796 4103 communibus
810 4039 887 4103 votis
898 4039 936 4101 de
947 4034 1161 4100 secundissimo
1175 4042 1264 4117 partu
1277 4051 1367 4114 quem

218 4141 423 4215 expectamus,
443 4135 652 4213 benedicente,
664 4137 806 4215 cumiam
818 4135 968 4199 latissimo
987 4135 1038 4197 illo
1050 4135 1098 4196 die
1112 4151 1207 4196 noxus
1220 4130 1316 4191 Caroli
1328 4131 1367 4191 Nl

220 4233 361 4312 Equitum
369 4232 449 4294 Ordo
459 4233 578 4315 publice
591 4233 744 4296 institutus
755 4233 854 4312 tuerit,
867 4251 990 4315 operam
1000 4240 1102 4295 tamen
1110 4229 1259 4302 dabimus,
1274 4233 1308 4289 ιι
1318 4227 1367 4290 illa

219 4326 436 4404 conscribatur,
457 4344 494 4390 ac
507 4329 683 4410 expediatur
701 4330 797 4408 Bxdla,
816 4329 896 4410 quod
916 4335 982 4390 tum
1002 4322 1213 4408 percommode
1232 4323 1295 4386 fieri
1308 4344 1367 4406 po-

221 4423 302 4501 terit,
316 4441 385 4485 eum
400 4424 511 4488 scilieet
525 4427 821 4490 anteadeliberatum
841 4445 875 4490 ac
890 4425 1085 4496 constitutum
1100 4421 1175 4482 inter
1189 4439 1244 4482 nos
1258 4420 1365 4497 tuerit,

1230 4533 1260 4582 12
