3194 5354
398 491 579 546 nrrsrone
599 491 643 545 nr
662 491 792 546 naevis
812 477 1047 551 sunscnone.
1262 504 1297 560 ur

149 601 226 663 inter
238 597 380 661 dilectem
393 597 424 657 in
447 594 672 688 Cirristoflliuru
686 595 820 656 nobilem
832 597 990 658 mulierem
1003 599 1185 673 Ludovioam
1204 602 1297 664 liliam

147 718 202 780 per
216 715 340 762 earnem
355 704 454 772 tuam,
472 711 509 756 ac
521 693 666 757 dilectum
679 694 791 774 pariter
805 693 901 759 filium
916 696 1049 758 nobilem
1059 698 1158 761 virum
1171 701 1299 774 budovi-

147 816 218 860 cum
233 796 342 860 docem
355 794 558 871 borbonium,
573 791 710 855 declaras
728 799 813 857 tuem
829 792 946 873 peterui
959 793 1053 856 nostri
1076 794 1107 857 iu
1120 801 1151 857 te
1170 803 1297 879 tuosque

149 896 240 959 studii
261 915 297 959 ae
310 895 429 977 pietatis
446 893 609 971 fiduciam,
624 910 745 972 unaque
765 890 915 973 protelers
935 892 1056 972 plenam
1070 892 1169 957 filialis
1191 895 1222 957 in
1236 899 1297 960 Nos

148 994 344 1061 observaau'e
359 1011 396 1057 ee
411 992 579 1057 devotionis
595 992 792 1055 voluntatem.
809 991 906 1062 Tanto
926 989 1018 1070 igitur
1031 991 1172 1054 libentius
1189 993 1220 1055 in
1239 1001 1298 1058 tue

144 1092 250 1155 letitie
260 1097 379 1174 partem
396 1091 584 1168 moedimra,
595 1090 737 1172 quodque
748 1089 921 1153 carissimus
932 1088 964 1151 iu
977 1087 1095 1152 Christo
1104 1089 1183 1155 illius
1195 1100 1297 1156 noster

147 1189 315 1257 uodaricus
328 1191 516 1259 Francorum
529 1207 582 1260 ren
592 1186 857 1253 christianissimus
869 1186 968 1260 sanxit
988 1186 1181 1266 eonjugium,
1196 1197 1231 1251 ut
1241 1191 1296 1253 le-

144 1294 210 1349 tum
232 1287 482 1368 fortunatumque
500 1285 602 1363 robis,
618 1283 783 1365 vestrisque
801 1282 902 1347 liberis
925 1283 1100 1368 sit,·Deum
1120 1287 1189 1366 Opt.
1213 1288 1294 1351 blax.

142 1384 338 1447 obsecremus
345 1429 355 1462 ,
380 1383 419 1448 eb
445 1400 541 1463 eoque
570 1382 764 1447 vehementer
784 1382 930 1462 petimus,
957 1388 1140 1465 atpaterna
1162 1385 1297 1467 auspicia

145 1489 265 1560 nostre,
290 1482 401 1564 quibus
413 1500 466 1544 ess
482 1480 693 1562 prosequimur
715 1480 852 1561 nuptias,
874 1499 929 1543 sua
946 1481 1009 1562 ipse
1026 1480 1209 1561 benignitate
1229 1491 1296 1546 rata

145 1580 238 1658 faxit,
255 1600 290 1647 ee
308 1581 339 1649 iu
356 1581 515 1662 singularis
533 1579 693 1662 pontilioie
706 1579 842 1643 cantabr
857 1578 966 1659 pignus
989 1579 1186 1660 apostolicam
1200 1580 1296 1645 bene-

141 1677 306 1747 dictionem
318 1678 390 1756 libi,
405 1679 513 1746 dilecte
525 1678 567 1743 fili
579 1677 689 1741 nobilis
707 1676 763 1751 vir,
776 1675 979 1756 universeque
998 1675 1105 1739 Domui
1124 1684 1245 1756 vestre,
1259 1697 1295 1741 eo

144 1775 397 1855 prestentissiruis
408 1777 527 1858 sponsis
548 1777 654 1841 intimo
667 1773 785 1856 paterni
802 1772 894 1836 animi
911 1791 1002 1836 seusu
1016 1773 1217 1862 impertimur.
1233 1777 1295 1837 Due

144 1882 207 1934 tum
221 1875 339 1945 Rome,
364 1881 441 1951 ete,
464 1876 513 1935 die
534 1887 571 1936 28
588 1874 737 1952 februarii
764 1882 861 1949 1770,
881 1876 1073 1951 pontificatus
1093 1878 1294 1948 nostrl-ouen

141 1977 250 2050 primu.

666 2160 766 2263 nrm.

552 2326 743 2368 venemur
766 2328 879 2370 sumu

288 2439 459 2501 ANTONIO
480 2440 606 2500 PETRO
626 2440 931 2502 ARCHIEPISCOPO
952 2441 1143 2502 PBAGENSI

409 2584 417 2601 ⁴
450 2567 685 2647 CLEMENS
712 2570 840 2648 PAPA
870 2570 976 2647 XlV.

918 2745 1015 2802 Rome,
1032 2749 1045 2793 7
1062 2745 1141 2790 martii
1158 2747 1225 2793 1770.

184 2853 388 2922 Venerabilis,
405 2860 460 2912 etc.
477 2854 589 2914 Retulit
607 2855 645 2916 ed
658 2857 718 2917 Nos
732 2856 859 2916 dilectus
874 2854 953 2915 filius
967 2863 1069 2917 noster
1083 2855 1290 2917 Ferdinandus

139 2948 218 3008 tituli
231 2949 485 3012 ennete-cecilie
503 2951 659 3030 presbyter
675 2955 706 3012 S.
731 2954 767 3012 R.
790 2955 825 3012 ll.
840 2950 1001 3013 cardinalis
1020 2952 1058 3012 de
1081 2952 1193 3013 Rubeis
1210 2954 1291 3012 Gon-
1320 2955 1324 2960 '

138 3043 320 3121 gregationis
332 3045 453 3124 ,concilii
465 3045 686 3123 preiectusea,
700 3047 809 3125 quein
824 3045 952 3124 epistole
970 3052 1024 3106 tna
1042 3044 1128 3106 istius
1141 3044 1195 3107 tibi
1210 3063 1290 3106 com·

139 3140 238 3203 missa
251 3141 392 3204 Eoelesie
404 3147 516 3202 statum
530 3148 671 3203 aoeurate
688 3141 876 3203 describente
889 3140 1092 3205 continentur.
1113 3144 1158 3205 Ex
1170 3142 1206 3206 iis
1224 3143 1290 3223 plu-

138 3241 248 3303 rimam
260 3241 290 3302 in
303 3248 332 3304 te
344 3241 526 3321 pastoralem
539 3241 740 3320 vigilantiam,
758 3240 936 3303 industrium
951 3259 987 3302 eo
1005 3241 1098 3305 iidem
1108 3242 1294 3324 perlibenter

138 3339 332 3417 agnovimus,
347 3337 520 3418 meritisque
533 3338 673 3401 laudibus
690 3339 809 3402 labores
820 3345 890 3401 tuos
904 3339 1079 3420 prosequuti
1093 3358 1209 3405 sumus.
1225 3342 1289 3407 Etsi

138 3433 187 3496 ille
197 3434 251 3496 tibi
265 3433 438 3513 singillatim
449 3434 487 3496 ad
499 3435 614 3508 omnia,
623 3454 690 3516 qum
701 3453 778 3516 opus
789 3443 888 3514 erunt,
899 3436 1034 3515 ejusdem
1043 3439 1289 3519 congregationis

136 3532 258 3595 nomine
267 3552 323 3613 pro
336 3551 393 3597 suo
403 3550 529 3597 munere
544 3550 660 3614 suoque
671 3552 756 3598 more
772 3533 931 3614 diligenter
942 3536 1097 3614 rescribet,
1109 3539 1171 3599 Nos
1185 3544 1286 3601 temen

137 3626 174 3689 iis
186 3630 324 3709 cognitis,
334 3648 401 3710 que
413 3629 451 3692 de
462 3632 625 3695 comitatus
636 3631 788 3695 Gleeensis
800 3631 971 3695 visitatione
980 3651 1034 3714 per
1043 3640 1130 3695 tuum
1140 3632 1293 3702 vicarium,

135 3729 307 3804 generalem
324 3735 355 3790 et
374 3727 597 3807 suffraganeum
617 3736 748 3811 pernota
760 3728 928 3809 significes,
950 3728 1049 3793 lacere
1067 3729 1192 3793 minime
1213 3748 1288 3810 pos-

139 3843 260 3903 sumus,
280 3827 356 3909 quin
377 3827 544 3908 peculiares
559 3827 598 3891 ed
620 3835 650 3888 te
669 3825 776 3890 demus
797 3832 947 3907 percepto
966 3825 1075 3889 exinde
1085 3824 1286 3904 jucunditatis

137 3929 228 3987 testes
247 3925 372 3990 litteras.
395 3931 474 3996 Dum
489 3926 519 3989 id
536 3925 676 4006 igiturex
692 3923 783 3988 enimi
803 3942 892 3988 sensu
909 3924 1075 3991 luculenter
1094 3924 1284 4005 peregimus,

137 4037 173 4082 ao
184 4022 349 4085 maximam
362 4029 421 4088 tue
431 4021 538 4086 letitie
547 4030 666 4104 partem
682 4021 720 4085 ed
734 4022 795 4083 Nos
809 4039 1002 4102 permanasse
1011 4021 1215 4096 declaramus,
1230 4020 1287 4081 rni-

136 4134 204 4179 rum
219 4117 249 4181 in
259 4117 385 4181 modum
393 4117 593 4198 gratulamur,
607 4116 792 4204 Venerabilis
802 4116 918 4194 Frater,
928 4116 1011 4198 quod
1020 4116 1188 4179 nonsnluur
1196 4115 1286 4196 eopia

135 4212 189 4281 libi
201 4213 281 4279 leuto
294 4215 386 4279 luerit
398 4215 560 4278 comitatus
572 4215 651 4279 illius
665 4221 726 4279 tue
738 4213 910 4298 episonpeli
919 4235 998 4279 eure
1016 4213 1142 4292 subiecti
1155 4232 1211 4295 per
1228 4232 1285 4295 ge

136 4311 270 4374 nerelem
283 4313 429 4377 vicarium
438 4312 542 4394 ,quod
549 4313 667 4393 jamdiu
678 4314 860 4395 exoptebus,
873 4313 966 4377 libere
977 4309 1139 4389 lustrandi,
1155 4310 1208 4375 sed
1219 4313 1285 4393 plu-

134 4407 212 4471 rime
225 4409 316 4473 etiarn
330 4412 462 4492 prestita
475 4412 535 4480 siut
551 4410 712 4475 commoda
724 4416 814 4491 atque
834 4410 961 4487 auxilie,
981 4427 1017 4471 ae
1030 4408 1124 4490 ipsius
1137 4410 1283 4491 Principis

135 4505 316 4569 aaronem
328 4508 582 4597 nobenevoientia
591 4510 634 4570 ita
643 4508 719 4570 inita
730 4526 765 4568 ac
777 4506 993 4568 munitefnerit
1004 4507 1129 4570 totailla
1138 4507 1280 4584 visitatio,
