3194 5354
560 544 785 601 mentiente
804 545 925 600 vnnln.
1266 556 1319 606 389

174 666 301 728 rumque
315 665 522 709 successorum
538 648 725 731 dispositioni
739 652 920 713 reservavit:
938 653 1091 715 Fratribus
1103 652 1230 734 denique
1246 674 1319 738 pre-

173 746 259 807 dicta
273 764 437 826 suppresse
446 747 690 828 congregationis
704 748 740 809 ad
755 747 915 811 FratresS.
933 750 1081 813 Francisci
1095 753 1318 855 Cappuccinos,

174 864 226 906 seu
242 843 280 905 de
293 843 481 906 observantia
497 851 685 925 nuncupatos
698 846 858 907 transitum
873 845 1019 927 permisit.
1278 872 1289 879 ·

216 953 245 1002 9.
266 919 349 1001 ldein
369 940 508 1001 llrbanus
522 941 603 1020 Papa
615 941 694 1001 Vlll.
712 959 767 1021 per
791 941 864 1002 alias
880 960 950 1003 suas
964 942 994 1003 in
1009 944 1076 1022 pari
1098 943 1195 1006 forma
1215 945 1321 1008 Brevis

175 1039 223 1100 die
237 1051 265 1098 9.
281 1037 448 1099 decembris
462 1036 1175 1118 191991999911919919991999391999
1189 1042 1319 1104 Sancto-

175 1152 243 1195 rum
260 1133 429 1210 Ambrosii,
441 1141 471 1195 et
487 1133 630 1194 Bamaba
643 1132 682 1193 ad
693 1134 806 1193 Nemus
819 1137 967 1213 perpetuo
980 1133 1161 1213 suppressit,
1177 1136 1317 1212 extinxit,

174 1239 204 1292 et
218 1231 364 1308 abolevit,
384 1229 570 1310 subiecitque
587 1229 747 1308 Regulares
765 1229 897 1309 predicti
917 1231 1070 1310 suppressi
1090 1230 1209 1294 Ordinis
1224 1232 1319 1311 juris-

175 1327 313 1404 dictioni,
333 1335 364 1388 et
376 1325 554 1388 correctioni
576 1324 802 1386 Ordinariorum
822 1326 977 1403 locorum,
997 1327 1204 1407 predictisque
1218 1330 1319 1409 Regu-

174 1424 287 1486 laribus
301 1424 451 1485 licentiam
465 1421 612 1484 concessit
624 1439 655 1483 se
667 1419 864 1481 transferendi
877 1420 915 1480 ad
931 1420 1004 1482 alios
1018 1421 1142 1483 Ordines
1156 1424 1319 1502 Regulares

176 1520 347 1601 apostolica
370 1518 446 1581 Sede
471 1517 664 1598 approbatos.
691 1517 786 1589 Quam
816 1516 1058 1596 suppressionem
1083 1520 1319 1583 9999919999

177 1620 366 1692 innocentius
380 1621 462 1698 Papa
472 1619 510 1678 X.
526 1616 728 1677 Praedecessor
742 1631 863 1694 quoque
876 1618 977 1674 noster
996 1613 1168 1675 solemniter
1181 1634 1317 1696 persnas

175 1718 441 1800 subplumboKal.
456 1710 1056 1797 9991119999919999991199191199119199
1072 1722 1145 1773 1645
1164 1714 1319 1794 expeditas

176 1816 289 1878 litteras
305 1814 508 1890 confirmavit,
521 1821 551 1874 et
564 1813 684 1893 insuper
696 1809 863 1888 Beneficia,
873 1812 1001 1886 Demos,
1014 1815 1044 1871 et
1052 1809 1233 1874 Monasteria
1245 1833 1319 1895 pra-

175 1914 246 1976 dicti
259 1914 391 1989 Ordinis,
408 1931 473 1994 quae
492 1918 580 1973 antea
597 1911 746 1991 regularia
759 1914 860 1985 erant,
876 1907 915 1969 ad
934 1906 1161 1970 secularitatem
1181 1909 1316 1989 reduxit,

178 2030 214 2073 ac
229 2013 259 2072 in
270 2018 425 2091 posterum
440 2009 591 2070 saecularia
605 2007 686 2085 lore,
699 2013 730 2068 et
743 2025 808 2067 esse
822 2003 997 2067 declaravit.

211 2122 260 2171 tu.
281 2111 424 2190 idemque
442 2107 634 2171 innocentius
652 2108 689 2168 X.
710 2103 888 2167 Praedecess.
908 2109 1010 2164 noster
1031 2119 1166 2183 persnas
1184 2101 1213 2161 in
1230 2099 1319 2162 simili

170 2205 266 2268 forma
272 2207 430 2269 Brevisdie
440 2204 578 2269 19199911
590 2203 837 2281 tots,obgraves
844 2198 1084 2279 perturbationes
1091 2196 1319 2260 excitatasinter

171 2306 331 2385 Regulares
343 2307 460 2369 Ordinis
471 2310 641 2388 Pauperum
655 2309 758 2371 Matris
767 2299 1006 2369 DeiScbolarum
1020 2305 1152 2382 Piarum,
1166 2307 1221 2367 etsi
1233 2307 1313 2370 Ordo

170 2402 218 2463 1119
230 2403 339 2482 praevio
347 2411 467 2466 maturo
476 2405 613 2466 examine
625 2405 797 2485 aGregorio
808 2406 891 2486 Papa
902 2405 966 2466 XV.
978 2402 1198 2464 Pradecessore
1208 2413 1313 2468 nostro

173 2499 346 2562 solemniter
363 2504 546 2585 approbatus
561 2502 670 2581 luerit,
686 2503 843 2585 praelatum
856 2503 1035 2583 Regularem
1048 2502 1189 2566 Ordinem
1202 2503 1232 2566 in
1244 2506 1315 2568 sim-

169 2596 277 2677 plicem
286 2598 566 2680 Congregationem,
577 2602 690 2684 absque
700 2603 830 2665 ullorum
838 2610 979 2664 votorum
986 2603 1161 2682 emissione,
1173 2606 1211 2667 ad
1222 2607 1315 2670 instar

169 2694 296 2757 1119111911
305 2697 547 2779 Congregationis
557 2701 802 2783 Presbyterorum
813 2701 997 2764 secularium
1005 2703 1132 2766 Oratorii
1143 2703 1173 2766 19
1181 2706 1315 2770 Ecclesia
1394 2698 1396 2701 ’

169 2799 200 2860 S.
215 2799 357 2860 11991919
370 2799 524 2861 vallicella
536 2799 573 2862 de
591 2801 672 2862 Urbe
685 2802 716 2862 S
732 2800 859 2881 Philippi
876 2801 944 2862 Neri
958 2809 1152 2882 nuncupate,
1167 2804 1312 2869 reduxit:

168 2896 363 2976 Regularibus
377 2896 509 2977 predicti
529 2898 688 2958 Ordinis
665 2916 708 2959 919
727 2897 844 2960 reducti
859 2898 1018 2959 transitum
1035 2898 1074 2960 ad
1088 2919 1318 2984 quamcumque

168 2992 354 3072 Religionem
368 2991 566 3073 approbatam
580 2970 750 3053 concessit:
764 2991 978 3052 admissionem
997 2991 1200 3072 Novitiorum,
1213 3003 1244 3057 et
1261 2998 1314 3059 ad-

127 3094 129 3098 ”
169 3092 330 3154 1919999999
344 3088 560 3172 professionem
576 3087 747 3149 interdixit:
762 3086 907 3168 superiori
908 3094 1002 3150 tatem
1013 3086 1157 3169 denique,
1172 3093 1228 3153 91
1217 3093 1313 3171 juris-

169 3190 348 3269 dictionem,
372 3208 437 3270 que
456 3204 547 3270 penes
569 3186 738 3248 Ministrum
754 3185 940 3264 generalem,
963 3187 1157 3265 Visitatores,
1179 3189 1314 3271 aliosque

169 3285 342 3365 Superiores
354 3284 517 3360 residebat,
536 3282 566 3343 in
579 3280 752 3343 Ordinarios
764 3280 901 3342 locorum
916 3284 1046 3344 totaliter
1060 3284 1213 3346 transtulit
1227 3309 1234 3347 ε
1247 3305 1314 3366 quar

168 3385 331 3465 omniaper
340 3382 452 3463 aliquot
462 3400 557 3444 annos
568 3386 729 3444 consecuta
740 3385 809 3441 sunt
819 3378 972 3459 9119911191,
982 3382 1210 3445 (1999919911919
1221 3384 1313 3446 Sedes

168 3479 231 3541 1999
241 3479 428 3559 apostolica,
439 3479 558 3560 cognita
566 3477 698 3560 predicti
711 3476 840 3537 lnstituti
854 3476 999 3554 utilitate,
1011 3477 1095 3538 illum
1105 3478 1143 3538 ad
1155 3479 1312 3557 pristinam

169 3582 309 3638 votorum
323 3578 502 3640 solemnium
515 3576 646 3639 formam
664 3575 830 3652 revocarit,
850 3594 885 3636 99
907 3575 936 3635 19
953 3575 1118 3656 perlectum
1134 3578 1312 3656 Regularem

170 3673 310 3736 Ordinem
321 3676 445 3756 redegit.

207 3791 254 3842 11.
277 3781 333 3840 Ρ99
349 3777 461 3839 similes
481 3796 551 3838 suas
572 3776 602 3836 19
624 3774 687 3856 pari
706 3773 803 3833 forma
822 3771 924 3832 Brevis
944 3769 993 3830 dic
1015 3781 1051 3828 99
1068 3767 1201 3830 octobris
1221 3777 1317 3840 1650,
1355 3797 1361 3805 -

165 3877 319 3961 expedrtas
327 3876 443 3938 litteras
457 3873 537 3936 idem
551 3870 792 3934 InnocentiusX.
806 3868 983 3929 Pradecess
996 3859 1316 3927 nosterobdiscordias

166 3993 288 4057 quoquc
300 3980 332 4035 et
340 3971 540 4034 dissensiones
553 3977 673 4031 exortas
687 3966 851 4049 suppressit
865 3964 997 4026 totaliter
1008 3962 1149 4024 Ordinem
1167 3961 1198 4020 S.
1215 3956 1318 4018 Basilii

166 4075 204 4138 de
224 4073 387 4136 Armenis:
407 4071 558 4151 regulares
575 4067 707 4150 predicti
730 4064 881 4147 suppressi
900 4062 1017 4125 Ordinis
1031 4055 1231 4121 omnimode
1221 4052 1319 4131 Jurisq

166 4169 301 4248 dictioni,
312 4175 344 4231 et
356 4167 533 4229 obedientia
542 4164 768 4228 Ordinariorunr
780 4163 917 4224 locorum
928 4156 1075 4236 9911119911Ι
1069 4173 1098 4215 19
1109 4151 1212 4213 babitu
1222 4148 1317 4211 Cleri

166 4286 273 4331 corum
287 4266 495 4341 secularium,
513 4264 660 4344 assignata
675 4262 780 4323 iisdem
791 4277 924 4338 congrua
939 4252 1155 4318 sustentatione
1166 4267 1202 4310 991
1214 4247 1318 4311 reddi

167 4348 1319 4443 1119991199199199999999999991919111199999119191999119191911999999111

43 4497 49 4511 ·
168 4461 205 4529 ad
219 4479 430 4543 quaecumque
444 4459 628 4538 Religionem
643 4456 838 4537 approbatam
854 4451 1012 4513 concessit.

166 4634 170 4646 ,
211 4545 1318 4643 lal’ariteripselnnocentiusll.Pradecess.nosterperaliassuasindieta
