3194 5354
617 519 840 575 bocunllsu'rrl
860 522 981 575 lellrl.
1317 531 1363 580 su

229 622 487 684 Eminentissimus
507 630 538 683 et
561 624 834 686 llevcrendissimus
857 626 1056 705 Hieronymus
1067 627 1143 688 tituli
1165 630 1195 688 S.
1221 631 1366 703 Balbiuae,

226 724 257 781 S.
273 722 308 781 R.
323 722 357 780 E.
372 719 533 781 Gardinalis
545 721 667 801 Spinula
675 767 683 799 ,
694 722 876 785 Serenissimi
885 723 997 804 loseph
1009 725 1032 784 ll
1042 724 1154 786 electus
1163 726 1367 788 Romanorum

226 818 401 896 Imperator,
416 823 447 877 et
467 818 573 878 Petrus
586 818 753 898 Leopoldus
772 821 836 897 ejus
854 837 1014 899 germanus
1033 819 1136 897 irater,
1159 840 1286 901 magnus
1306 824 1366 885 dux

225 915 364 991 Etruria,
377 916 409 975 in
417 915 559 995 praedicta
567 922 656 994 porta
664 923 826 992 steterunt,
837 924 870 978 ut
879 916 1155 978 Eminentissimum
1166 919 1367 982 Alexandrum

225 1012 332 1074 Albani
347 1010 460 1093 pralati
475 1013 662 1093 imperatoris
679 1013 759 1094 apud
772 1016 913 1076 Sanctam
927 1015 1035 1076 Sedem
1050 1013 1258 1076 administrum
1269 1017 1367 1096 pleni-

224 1108 689 1190 potentiariumadloqnerentur.

265 1209 330 1268 llac
349 1208 506 1270 occasione
526 1208 757 1271 Eminentissimi
773 1210 956 1289 Stuppanius
973 1210 1138 1289 Episcopus
1153 1212 1365 1286 Praenestinus,

225 1304 369 1366 Boscbius
386 1305 464 1366 tituli
481 1307 532 1367 SS.
548 1307 671 1367 loannis
687 1314 717 1367 et
733 1307 816 1367 Pauli
832 1306 998 1386 presbyter,
1014 1313 1045 1366 et
1060 1308 1226 1369 veteranus
1242 1310 1293 1369 SS.
1314 1311 1375 1372 Co'

225 1420 297 1464 smae
306 1411 337 1464 et
348 1403 483 1465 Damiani
494 1404 649 1481 diaconus,
662 1403 827 1465 cardinales
839 1404 868 1465 in
882 1403 987 1465 ordine
1001 1404 1134 1481 Priores,
1147 1423 1183 1465 ac
1196 1405 1293 1470 catari
1304 1425 1368 1487 om·

224 1521 277 1565 nes
298 1503 544 1579 Eminentissimi,
568 1504 696 1565 biretum
713 1520 772 1583 pra
792 1500 931 1562 manibus
955 1500 1114 1576 babentes,
1139 1510 1313 1583 retentoque
1338 1505 1367 1564 in

224 1600 322 1681 capite
337 1601 445 1681 pileolo
459 1603 567 1678 rubro,
583 1602 621 1662 ad
639 1599 810 1681 predictam
826 1600 952 1675 januam
968 1607 1171 1676 accesserunt,
1195 1608 1228 1662 ut
1238 1602 1367 1681 praelatis

224 1697 321 1777 Regiis
337 1699 538 1780 Principibus,
553 1699 608 1761 etsi
619 1697 736 1758 diversa
750 1697 808 1757 alia
822 1704 854 1756 ut
873 1696 998 1772 assolet,
1019 1715 1111 1776 qnam
1133 1716 1202 1759 vera
1219 1701 1366 1779 praecelsa·

224 1796 374 1875 dignitatis
386 1795 483 1878 specie
498 1796 610 1858 abnam
622 1797 728 1857 urbem
746 1795 901 1874 ingressis,
914 1794 1067 1856 luculenta
1080 1796 1215 1876 obsequii
1233 1799 1367 1860 testimo-

224 1893 289 1970 nia,
299 1901 329 1954 et
339 1894 509 1955 communis
519 1893 625 1954 latitia
636 1891 866 1971 significationes
874 1891 1058 1952 exhiberent.
1073 1894 1182 1955 Omnes
1196 1901 1226 1955 et
1236 1895 1366 1974 singulos

224 1996 399 2075 imperator,
415 2012 451 2053 ac
463 2012 590 2073 magnus
602 1992 663 2053 dux
680 1991 803 2051 Etruria
814 1990 912 2070 capite
926 1989 1048 2051 omuino
1061 1989 1190 2066 detecto,
1213 1992 1365 2053 humanis·
1414 2043 1417 2050 .

223 2091 297 2153 sime
310 2096 552 2171 exceperunt,et
561 2088 681 2150 allocuti
696 2094 776 2149 sunt.
1415 2167 1419 2177 .

263 2191 332 2249 Post
342 2195 482 2248 mutuum
494 2205 530 2248 ac
541 2186 664 2265 longum
675 2203 846 2247 sermonem
858 2185 948 2246 iidem
957 2185 1143 2246 Serenissimi
1154 2186 1304 2266 Principes
1315 2204 1367 2246 ar·
1418 2222 1422 2230 ι

222 2282 297 2344 dens
308 2282 487 2344 desiderium
505 2280 698 2343 ostenderunt
715 2280 896 2359 ingrediendi
915 2280 1064 2361 paulisper
1081 2283 1239 2358 conclave,
1257 2283 1367 2359 atejus

222 2386 405 2441 structuram
418 2379 622 2460 conspicerent
636 2386 668 2439 et
682 2378 855 2458 legitimum·
867 2381 1037 2440 Romanam
1050 2378 1225 2440 Pontificem
1239 2379 1365 2458 eligendi

222 2476 398 2538 methodum
406 2477 611 2539 edocerentur.
621 2478 720 2556 AEquo
728 2483 880 2537 tantorum
887 2475 1060 2554 Principum
1067 2475 1214 2538 desiderio
1224 2476 1367 2539 obsistere

223 2573 454 2635 Eminentissimi
466 2576 568 2636 Patres
579 2592 639 2635 non
657 2580 811 2654 putarunt.
828 2576 924 2648 Quare
941 2573 1062 2651 ingressi
1077 2580 1145 2634 sunt
1157 2576 1366 2638 tantummodo

222 2674 379 2754 pradictus
391 2677 596 2736 Romanorum
607 2674 720 2734 electus
735 2675 910 2752 imperator,
924 2671 1047 2751 ejusque
1061 2669 1152 2732 irater
1164 2673 1288 2751 Magnus
1302 2676 1368 2734 Dux

223 2773 356 2849 Etruria,
370 2774 538 2854 vetitusque
550 2772 633 2835 alteri
645 2772 824 2852 cuicumque
837 2768 929 2831 etiam
942 2768 1034 2829 nobili
1054 2774 1084 2828 ct
1096 2768 1200 2829 illustri
1216 2777 1367 2830 caractere

222 2869 366 2948 insignita
378 2887 512 2949 persona.
527 2868 625 2930 aditus
640 2869 677 2929 ab
692 2865 946 2927 Excellentissimo
960 2881 1070 2942 magno
1084 2865 1238 2942 Conclavis
1252 2867 1367 2926 Mares-

222 2964 342 3043 cbalco,
364 2965 493 3026 exterius
517 2965 656 3026 eamdem
675 2971 810 3044 portam,
833 2961 957 3023 interius
978 2979 1049 3021 vero
1071 2960 1153 3022 illam
1178 2962 1366 3023 custodiente

222 3061 462 3124 Eminentisslmo
473 3069 503 3123 et
514 3059 768 3124 Reverendissimo
781 3057 924 3120 cardinali
935 3057 1107 3131 llezzonico,
1124 3059 1154 3118 S.
1166 3061 1202 3119 R.
1216 3062 1250 3119 Ε.
1263 3078 1367 3121 came-

223 3157 302 3218 rario
313 3177 368 3238 pro
380 3158 441 3219 suis
455 3156 576 3234 officiis,
589 3164 619 3219 et
630 3155 786 3235 vigilantia
800 3155 914 3216 debito.

262 3251 378 3315 birecte
395 3254 433 3315 ad
444 3254 590 3334 capellam
602 3251 745 3314 Sixtinam
756 3250 838 3313 ducti
856 3249 938 3311 luere
952 3248 1064 3311 laudati
1079 3251 1263 3313 Serenissimi
1279 3255 1367 3316 Priu-

222 3347 320 3430 cipes,
340 3351 479 3412 universo
500 3348 808 3411 Eminentissimornm
827 3345 1028 3407 Gardinalium
1047 3352 1125 3407 coetu
1149 3346 1296 3409 adstante.
1324 3352 1373 3420 lbi

224 3448 355 3508 accensis
366 3447 459 3509 cereis
467 3446 594 3524 lacibus,
602 3444 793 3525 magnificam
800 3441 899 3505 sacelli
908 3448 1102 3519 structuram,
1116 3443 1260 3505 nobilium
1273 3446 1354 3525 pictu

224 3563 326 3605 rarum
339 3551 497 3621 ornatum,
515 3542 825 3606 Eminentissimorum
841 3543 965 3602 Patrum
979 3538 1098 3616 sedilia,
1119 3539 1291 3617 schedulas,
1316 3562 1367 3602 eas

224 3642 417 3716 comburendi
425 3642 560 3718 modum,
568 3648 727 3720 ceteraque
735 3639 838 3701 omnia
847 3639 990 3701 scrutinio
999 3637 1169 3718 peragendo
1176 3640 1367 3702 materialiter

223 3743 341 3798 tantum
354 3738 557 3815 inservientia,
573 3756 609 3799 ac
619 3736 740 3799 tandem
755 3754 833 3797 novo
847 3736 980 3817 pontifici
996 3735 1147 3797 induendo
1158 3740 1367 3816 paratasjmu-

224 3833 275 3894 diu
287 3841 382 3896 vestes
395 3837 596 3917 inspexerunt.

263 3934 307 3991 Ex
318 3931 376 3992 bac
387 3934 500 4014 capella
511 3934 550 3996 ad
561 3933 814 3997 aliam'Paulinam
822 3980 830 4011 ,
845 3935 947 4015 inqua
959 3937 1179 3998 sanctissimum
1191 3940 1366 3999 Sacramen-

224 4028 290 4087 tum
301 4036 480 4103 asservatnr,
493 4039 695 4108 accesserunt,
716 4031 768 4099 ubi
785 4032 1017 4095 sacratissimam
1035 4035 1255 4097 Eucharistiam
1274 4035 1302 4094 in
1319 4043 1367 4095 ta-

225 4125 385 4186 bernaculo
396 4125 530 4187 clausam
543 4127 694 4190 humiliter
705 4130 854 4207 venerati,
878 4130 916 4192 ad
934 4131 1090 4194 viciniores
1107 4132 1366 4194 Eminentissimo·

224 4240 292 4282 rum
303 4223 425 4283 cellulas
434 4226 582 4302 progressi
592 4236 671 4288 sunt.
687 4229 719 4287 ln
729 4227 775 4288 bis
786 4229 882 4289 multa
894 4230 932 4289 do
944 4229 1059 4291 vivendi
1075 4231 1200 4306 ratione,
1213 4229 1250 4289 de
1260 4228 1363 4307 frugali

224 4321 361 4380 vescendi
374 4321 480 4396 modo,
494 4340 530 4381 ac
538 4322 576 4382 de
587 4324 752 4385 domestica
766 4326 954 4386 veneratione
966 4327 1098 4386 suscitati
1114 4332 1191 4387 sunt.
1210 4374 1218 4386 .

265 4419 359 4497 Super
378 4436 520 4497 nraguum
537 4422 686 4482 Vaticana
706 4422 837 4483 Basilica
857 4423 1006 4501 porticum
1020 4423 1159 4497 adducti,
1179 4423 1314 4501 deloco,
1331 4446 1365 4485 ac

224 4514 321 4576 lorum
335 4515 505 4595 publicandi
515 4535 625 4578 norum
637 4518 808 4597 pontificem
824 4517 1046 4597 inquisiverunt.
1059 4517 1194 4581 Tandem
1204 4519 1241 4582 ad
1254 4521 1364 4600 regiam
