3194 5354
220 442 254 492 44
643 432 849 491 ‘caementis
865 432 931 487 XlV

219 562 272 604 vos
284 545 431 623 potestate
445 539 586 621 praeclare
604 538 813 601 tantummodo
832 555 896 599 esse
919 555 1025 599 usuros
1040 543 1196 618 reputate,
1217 559 1289 625 cpm
1305 560 1371 624 po-

220 640 295 700 tiora
308 638 394 699 vobis
408 644 496 699 erunt
507 637 640 700 caritatis
650 642 739 718 alque
753 634 946 712 humilitatis,
958 652 1050 715 mam
1061 634 1215 714 diguitatis
1224 636 1367 719 insignia.

219 734 383 797 Maximum
395 736 517 797 statuite
534 741 667 797 vestrum
685 734 744 795 hoo
763 750 845 809 esse,
859 738 948 812 atque
967 733 1070 795 advos
1092 733 1179 796 unice
1196 736 1368 817 pertinere,

218 832 321 913 populi
340 831 426 894 vobis
439 832 543 894 crediti
560 833 642 895 hunc
665 831 696 893 iu
717 832 842 894 modum
861 831 1035 893 instituendi
1056 832 1229 911 negotium5
1252 835 1291 896 ab
1314 835 1369 899 illo

219 935 299 991 recte
319 928 450 1008 gerendo
468 947 573 991 omnes
583 937 696 991 vestras
713 928 892 991 derivandos
910 947 976 992 esse
996 929 1101 991 laudes
1119 948 1155 991 ac
1171 930 1326 1012 fortunas,
1348 954 1368 996 a

220 1024 397 1105 negligendo
412 1026 614 1088 calamitatem
637 1045 673 1087 ao
695 1025 924 1106 turpitudinem.
946 1029 1043 1102 Quare
1065 1027 1239 1091 banestre
1262 1029 1323 1091 siut
1348 1050 1366 1092 a

220 1123 306 1185 vobis
320 1121 532 1185 tantummodo
545 1121 717 1203 expetenda
734 1121 858 1195 divitia,
871 1129 905 1184 ut
917 1122 1024 1185 Christi
1034 1122 1179 1203 sanguine
1193 1124 1368 1207 redemptas

221 1219 337 1282 animas
348 1220 465 1283 Christo
474 1219 686 1296 lucrifaciatis,
707 1237 743 1280 ea
755 1219 871 1281 sincera
890 1236 926 1280 ac
944 1218 1160 1299 solidagloria,
1175 1220 1250 1282 utin
1263 1221 1367 1284 divino

221 1316 425 1396 promovendo
439 1316 539 1391 cultu,
560 1315 591 1376 in
611 1317 725 1376 Domus
739 1314 790 1376 [tei
803 1314 911 1376 decore
932 1313 1158 1395 amplificando,
1171 1315 1202 1377 in
1218 1317 1298 1379 vitiis
1309 1335 1368 1380 ex-

221 1412 385 1493 tirpandis,
399 1412 606 1475 acvirtutibus
625 1411 797 1475 excolendis
816 1411 936 1474 fidelem
954 1430 990 1473 ac
1005 1411 1141 1474 sedulam
1153 1431 1278 1493 operam
1295 1433 1368 1477 ves-

220 1520 299 1575 tram
312 1514 440 1576 Domino
457 1530 576 1593 semper
595 1511 772 1574 exhibeatis.
787 1512 857 1572 Haec
871 1510 990 1572 assidue
1006 1510 1160 1590 cogitare,
1175 1511 1239 1573 baec
1259 1530 1366 1592 agere,

220 1609 269 1673 hle
285 1611 454 1687 ambitiosi,
469 1610 519 1670 blo
532 1607 633 1689 cupidi
645 1625 710 1669 esse
721 1606 847 1668 debetis.

259 1707 362 1787 Neque
376 1724 448 1768 vero
458 1722 529 1767 cum
540 1704 591 1766 diu
605 1704 794 1783 multumque
808 1702 891 1763 eritis
905 1702 935 1762 in
949 1701 1006 1764 hac
1020 1702 1159 1765 laborum
1172 1705 1372 1768 contentione

220 1805 328 1865 versati
340 1849 348 1880 ,
362 1803 502 1865 defutura
512 1800 739 1882 unquamvobis
756 1799 1066 1890 arbitremiuivirtutis
1074 1801 1247 1864 exercendae
1254 1802 1365 1884 spatia.

156 1938 162 1951 ·
221 1903 264 1962 Ea
278 1901 389 1982 quippe
399 1908 445 1963 est
453 1901 586 1963 muneris
600 1899 690 1961 vestri
711 1896 862 1971 conditio,
881 1914 917 1958 ea
933 1896 1117 1978 Episcopalis
1130 1898 1199 1962 vitae
1219 1898 1313 1977 ratio,
1331 1908 1369 1962 ut

218 2016 377 2080 nunquam
394 1997 502 2062 debeat
521 2015 663 2060 curarum
679 1995 897 2071 cessationem,
919 2012 1074 2076 uunquam
1098 1998 1196 2060 otium
1209 2000 1367 2081 comequi.
1416 2067 1417 2071 ,

219 2096 315 2157 Nullis
329 2099 456 2176 possunt
471 2111 577 2156 eorum
589 2093 721 2155 actiones
735 2090 968 2172 circumscripte
979 2109 1044 2154 esse
1065 2094 1219 2173 terminis,
1235 2114 1371 2177 quomm

220 2193 355 2256 caritatis
370 2191 598 2273 amplitudinem
624 2190 696 2253 nulli
720 2189 830 2251 debent
852 2188 926 2249 lines
946 2189 1210 2269 comprehendere.
1230 2193 1290 2254 Sed
1305 2193 1369 2255 im-

219 2290 357 2353 mortalis
376 2296 465 2371 atque
488 2288 612 2351 infinitos
634 2286 779 2350 mercedis
797 2286 883 2349 vobis
901 2285 1072 2349 constituta
1091 2288 1258 2369 expectatio
1279 2289 1373 2353 lacile

221 2388 373 2450 molestias
386 2405 491 2450 omnes
500 2386 603 2462 leniet,
614 2403 650 2446 ac
659 2383 822 2445 levissimas
832 2383 952 2444 efficiet.
967 2382 1044 2457 Quid
1057 2385 1137 2445 euim
1150 2403 1287 2465 gravem
1300 2405 1369 2449 mo-

220 2482 331 2546 lestum
341 2502 404 2546 esse
415 2484 526 2564 poterit
539 2483 757 2562 cogitantibus,
770 2480 975 2543 beatissimam
986 2480 1070 2542 illam
1080 2481 1308 2546 retributionem
1325 2485 1369 2546 ob

222 2588 376 2644 servatum
391 2600 426 2643 ac
440 2581 670 2662 multiplicatum
688 2597 809 2659 gregem
823 2598 841 2640 a
855 2578 998 2656 Domino,
1010 2597 1081 2640 cum
1093 2581 1242 2644 rationem
1260 2588 1368 2663 pasto-

222 2679 295 2742 ralis
321 2679 452 2741 muneris
481 2685 638 2761 exposcet,
662 2676 884 2759 recipiendam‘t
904 2678 1013 2738 Praetu
1034 2676 1114 2739 banc
1134 2677 1365 2758 pulcherrimam

221 2775 456 2839 immortalitatis
468 2776 591 2857 spemin
602 2775 673 2856 ipsis
681 2774 773 2836 etiam
783 2772 963 2835 sustinendis
971 2773 1129 2853 pastoralis
1137 2774 1205 2836 vitae
1214 2774 1368 2837 laboribus

221 2873 384 2954 plurimam
404 2872 625 2951 jucunditatem
645 2871 742 2934 inesse
763 2871 911 2947 sentietis,
937 2888 1008 2932 cum
1021 2873 1085 2932 Deo
1107 2878 1233 2933 mustus
1251 2878 1368 2935 vestros

220 2968 383 3048 adiuvante
393 2969 540 3052 populum
551 2973 683 3032 vestrum
692 2973 800 3030 mutua
813 2967 890 3029 inter
902 2985 934 3028 se
948 2965 1081 3029 caritatis
1091 2968 1302 3046 conjunctione
1316 2968 1368 3031 dc·

221 3068 372 3147 vinctum,
389 3069 575 3151 integritate,
598 3068 758 3150 acpietate
777 3064 951 3144 florentem,
975 3071 1090 3128 ceteros
1111 3066 1240 3148 denique
1262 3085 1367 3130 omnes

222 3167 357 3245 egregios
371 3166 539 3254 uigiliarum
552 3185 588 3228 ao
597 3166 736 3228 laborum
753 3170 921 3228 vestrorum
935 3163 1050 3228 fruetus
1059 3164 1089 3226 in
1103 3165 1237 3227 Ecclesia
1246 3169 1367 3228 exortas

225 3262 429 3341 conspicietis.
448 3263 571 3324 Utinam
586 3268 724 3323 nostrum
737 3264 874 3324 omnium
893 3260 1028 3324 unanimi
1045 3260 1217 3341 hujusmodi
1231 3263 1367 3325 volunta-

223 3366 306 3434 tum,
320 3376 356 3419 ac
367 3357 536 3419 studiorum
549 3360 742 3421 consensione
755 3360 911 3422 reductm
922 3359 969 3421 bis
979 3361 1074 3424 nostri
1089 3359 1275 3441 apostolatus
1287 3367 1370 3421 tem-

223 3455 347 3536 poribus
357 3455 533 3538 praeclaram
541 3456 620 3518 hanc
632 3456 783 3536 religionis
796 3457 983 3536 felicitatem,
995 3478 1031 3521 ac
1045 3459 1174 3539 antiquae
1185 3458 1264 3520 illius
1273 3459 1370 3522 aetatis

224 3553 352 3616 similem
359 3553 485 3616 lormam
494 3553 661 3632 videamus,
671 3574 707 3617 ao
715 3554 858 3634 gratulari
867 3555 1231 3634 vobiscum,Veuerabiles
1238 3558 1369 3633 Fratres,

223 3660 254 3715 et
268 3653 456 3734 congaudere
477 3652 627 3734 possimus
645 3652 674 3714 in
692 3653 810 3713 Christo
829 3652 957 3715 Domino
978 3659 1095 3731 nostro,
1116 3652 1168 3735 qui
1189 3672 1249 3714 sua
1267 3654 1371 3733 gratim

221 3750 360 3831 praesidio
379 3753 440 3812 Nos
453 3757 617 3827 sustentet,
632 3757 661 3812 et
680 3769 733 3812 car
746 3755 884 3811 nostrum
902 3749 932 3810 in
948 3749 1014 3826 illa,
1038 3768 1103 3830 quae
1116 3749 1143 3811 ei
1157 3757 1227 3811 sunt
1239 3750 1351 3831 placila
1360 3795 1370 3827 ,

223 3864 341 3927 semper
354 3848 504 3909 accendat

264 3946 329 4018 Quo
344 3949 479 4023 tempore
498 3944 586 4006 hasce
600 3946 714 4007 litteras
726 3943 764 4005 ad
778 3961 841 4022 vos,
858 3943 1051 4005 Venerabiles
1064 3946 1198 4019 Fratres,
1214 3942 1372 4023 perscribi-

225 4059 308 4119 mus,
325 4041 433 4103 eodem
447 4059 502 4121 per
514 4041 587 4103 alias
599 4051 718 4105 nostras
735 4041 881 4105 universis
899 4041 1143 4103 christifidelibus
1157 4040 1312 4120 jubileum
1331 4038 1372 4100 de

224 4152 309 4197 more
329 4138 366 4199 ad
389 4135 610 4218 implorandam
634 4139 719 4200 initio
732 4139 826 4201 nostri
846 4139 1039 4220 pontificatus
1057 4139 1191 4200 divinam
1204 4154 1293 4219 opem
1313 4155 1371 4216 pro

225 4231 349 4294 salutari
363 4242 473 4297 sanctae
491 4235 627 4297 Ecclesia
647 4238 800 4299 catholica
813 4237 956 4315 regimine
976 4237 1219 4298 transmittimus.
1238 4236 1264 4296 Α
1284 4235 1375 4296 vobis

225 4327 316 4408 igitur
326 4332 471 4408 maiorem
482 4333 511 4395 in
523 4333 648 4396 modum
660 4381 667 4410 ,
685 4336 816 4414 petimus
827 4354 862 4395 ac
874 4334 1060 4413 flagitamus,
1075 4343 1109 4396 ut
1119 4333 1296 4396 commissos
1308 4352 1374 4393 ves·

225 4434 277 4487 trae
290 4426 356 4488 fidei
373 4432 499 4509 populos
511 4433 548 4494 ad
563 4451 614 4494 eas
628 4432 684 4493 rite
699 4432 850 4495 iaciendas
865 4431 893 4492 in
915 4430 990 4507 lule,
1006 4434 1133 4513 pietate,
1149 4452 1184 4493 ac
1201 4431 1374 4494 bumilitate
