3194 5354
342 495 393 544 aso
770 485 972 540 estuantis
992 484 1057 538 xtv

287 632 295 652 .
340 592 519 676 patrocinio,
535 590 577 651 ita
590 595 623 650 ut
633 588 779 669 quidquid
788 589 1049 651 accommodatum
1064 588 1100 650 iis
1112 593 1283 669 essepotest
1291 587 1338 650 vel
1349 587 1390 650 ad
1400 589 1490 670 pieta

340 695 399 769 tis,
416 709 453 752 ac
473 688 623 768 religionis
642 687 793 763 studium,
814 706 939 767 quoaos
954 687 1081 766 domare
1097 692 1237 767 oportet,
1250 685 1493 748 conservandum

341 788 591 872 augendumque,
607 786 654 846 vel
673 785 711 846 ad
725 785 869 864 regularis
879 784 1042 866 discipliuae
1057 785 1259 864 integritatem
1269 830 1277 862 ,
1289 786 1314 848 si
1325 785 1404 866 quid
1417 785 1493 847 torte

342 906 430 969 passa
451 887 491 947 sit
506 883 694 960 detrimenti,
718 883 954 945 cumulatissime
974 882 1207 960 mtituandm,
1228 884 1276 945 vel
1291 883 1331 945 ad
1343 883 1494 965 quassibet

341 983 559 1068 propulsandas
570 980 689 1062 penitus
702 979 911 1059 difficultates,
924 998 991 1060 qua
1001 981 1217 1062 impedimento
1225 989 1297 1045 sunt
1307 1029 1316 1060 ,
1328 983 1494 1064 quominus

342 1080 510 1145 uberrimos
522 1079 588 1141 illos
607 1078 768 1160 procreare
784 1079 900 1160 possint
912 1078 1046 1157 fructus,
1060 1100 1097 1142 ac
1111 1082 1313 1163 amplissimas
1327 1082 1492 1157 utilitates,

341 1197 423 1260 quas
434 1177 465 1239 et
477 1176 616 1238 universa
633 1174 801 1237 Christiana
817 1176 1005 1257 respublica,
1017 1185 1048 1239 et
1057 1177 1146 1240 mata
1163 1179 1346 1259 populorum
1357 1179 1443 1241 salus
1456 1179 1494 1241 ab

342 1279 379 1340 iis
391 1276 521 1340 maxime
534 1273 678 1354 efflagitat
691 1273 836 1354 avideque
853 1275 1054 1356 praestolatur,
1073 1275 1111 1337 ad
1126 1275 1156 1337 id
1169 1294 1261 1339 omno
1274 1275 1362 1338 laedo
1371 1276 1494 1339 libenti·

341 1395 400 1458 que
414 1374 515 1437 animo
535 1372 578 1433 eis
597 1371 869 1452 suppeditandum,
893 1371 1047 1454 effuseque
1070 1371 1259 1453 largiendum
1273 1372 1407 1453 prompti
1426 1389 1493 1434 esse

341 1472 449 1553 quovis
464 1477 599 1551 tempore
608 1468 772 1533 debeamus
782 1513 790 1545 ,
802 1475 892 1548 atque
907 1470 1016 1550 parati.
1032 1472 1094 1532 llos
1111 1472 1189 1532 inter
1203 1469 1340 1550 egregios
1364 1470 1396 1530 iu
1406 1468 1494 1531 vinea

342 1568 460 1632 bomini
482 1566 635 1649 operarios
658 1586 695 1627 ex
718 1584 847 1646 quorum
868 1568 994 1630 assiduis
1014 1568 1168 1630 laboribus
1188 1567 1356 1630 maximum
1374 1583 1494 1646 semper

342 1669 449 1732 Christi
462 1666 601 1729 Ecclesia
612 1666 704 1726 decus
716 1667 841 1727 accessit
852 1712 861 1743 ,
872 1675 1096 1743 ornamentum,
1106 1677 1137 1730 ct
1152 1668 1339 1749 presidium,
1360 1670 1494 1747 cosinae

342 1786 378 1829 ac
387 1765 495 1829 merito
507 1781 710 1833 recensemus,
720 1764 772 1842 qui
785 1771 887 1825 sancte
899 1765 1046 1827 bominici
1056 1766 1181 1846 vestigia
1195 1772 1353 1842 sectantes,
1363 1772 1395 1828 et
1403 1783 1494 1844 regu-

342 1866 386 1927 las
400 1864 557 1944 inclytum,
570 1861 668 1940 deque
678 1859 847 1921 Christiana
859 1861 1015 1940 republica
1027 1863 1141 1944 optime
1156 1864 1295 1925 meritum
1303 1861 1495 1924 constltuunt

343 1963 510 2042 regularem
524 1957 660 2021 ordinem
680 1959 820 2018 Fratrum
838 1957 1071 2021 Pradioatorum
1091 1967 1311 2041 nuncupatum.
1327 1959 1406 2020 lliuc
1420 1976 1495 2019 mu-

342 2060 422 2122 neris
432 2056 526 2119 nostri
543 2055 662 2116 ratioet
677 2053 867 2116 vehementer
878 2061 964 2135 optat
972 2099 981 2132 ,
996 2062 1027 2116 ct
1042 2054 1141 2117 modis
1151 2055 1294 2117 omuibus
1303 2053 1492 2134 exposmlat,

343 2166 377 2219 ut
390 2154 544 2237 quibusvis
559 2153 625 2231 ejus
633 2151 817 2229 commodis,
831 2159 979 2233 quantum
990 2153 1021 2214 in
1039 2153 1167 2215 Donum
1183 2171 1364 2234 possumus,
1388 2151 1493 2215 seduc

342 2257 564 2340 prospiciamus
574 2299 582 2330 ,
593 2269 814 2332 caveamusque
827 2251 1063 2332 diligentissime,
1073 2250 1185 2333 nequid
1199 2252 1230 2312 in
1239 2251 1334 2314 ullam
1342 2251 1411 2330 ejus
1419 2269 1493 2332 par-

342 2363 404 2415 tem
413 2354 589 2432 irrepat,ex
601 2367 663 2430 quo
675 2348 815 2430 splendor
827 2349 876 2411 ille
887 2349 1139 2430 locupletissimus
1150 2348 1283 2430 pietatis,
1296 2355 1329 2410 at
1337 2347 1490 2421 domun,
1539 2346 1543 2353 '

342 2473 403 2534 quo
414 2452 574 2535 preclarus
582 2448 632 2510 hic
642 2447 717 2511 ordo
728 2448 874 2510 hactenus
883 2448 994 2528 ubique
1000 2447 1133 2521 emicuit,
1142 2445 1262 2526 aliquod
1274 2446 1322 2509 vel
1331 2445 1492 2508 minimum

342 2552 475 2634 patiatur
488 2549 712 2610 detrimentum.

383 2650 521 2712 Relatum
545 2664 634 2727 porro
654 2644 745 2705 Nobis
771 2644 849 2720 luit,
877 2644 1035 2723 collegium
1057 2643 1158 2706 Sancti
1180 2641 1287 2704 lacobi
1313 2640 1492 2704 eorumdem

343 2755 482 2814 Fratrum
498 2745 736 2808 Praedicatorum
752 2741 872 2803 Parisiis
889 2742 996 2819 situm,
1014 2761 1110 2824 coque
1128 2740 1327 2803 saluberrimo
1338 2738 1490 2802 coustitu-

343 2858 408 2911 tum
422 2844 564 2920 oousilio,
578 2848 612 2903 ut
625 2839 663 2901 ad
684 2838 773 2916 illud,
789 2845 933 2919 tanquam
948 2838 988 2901 ad
1003 2839 1228 2902 celeberrimam
1241 2836 1384 2918 pictatis,
1398 2835 1494 2898 etlit-

343 2954 476 3008 terarum
491 2958 609 3017 arcem,
627 2938 740 3001 alumni
751 2936 886 3015 eiusdem
902 2937 1016 2999 ordinis
1031 2956 1068 2998 ex
1084 2935 1231 2999 universis
1241 2933 1411 2998 Galliarum
1421 2935 1494 2997 Pro-

342 3042 447 3105 vinciis
473 3038 669 3114 aocedentes,
692 3036 724 3097 in
751 3035 871 3096 assidua
891 3043 921 3097 et
942 3035 1085 3115 regulmis
1105 3033 1290 3115 disciplina,
1311 3039 1344 3095 ct
1365 3032 1494 3096 sanioris

341 3139 484 3202 doctrina
500 3134 713 3199 exercitatione
729 3132 771 3194 ita
785 3140 949 3210 versentur,
965 3140 998 3194 ut
1012 3132 1198 3214 amplissimo
1216 3130 1288 3193 inde
1305 3130 1406 3193 decori
1420 3129 1494 3192 alie-

342 3237 436 3298 rendo
453 3234 591 3296 universo
603 3231 705 3292 Ordiui
718 3276 726 3307 ,
739 3237 770 3291 et
789 3229 961 3292 Christiana
974 3229 1146 3311 reipublice
1159 3230 1280 3291 utilitati
1300 3227 1491 3291 cumulanda

343 3332 405 3413 apti
424 3331 518 3405 fiant,
536 3337 566 3389 et
582 3326 680 3388 idonci
695 3372 702 3401 ,
720 3326 876 3406 apristina
892 3344 953 3388 non
967 3345 1075 3407 parum
1091 3326 1253 3407 dignitate,
1271 3344 1306 3387 ac
1316 3323 1489 3387 celebritate

343 3429 473 3495 nominis
487 3445 553 3491 esse
572 3427 764 3508 prolapsum,
779 3432 844 3486 tum
863 3425 904 3487 ob
917 3425 1108 3487 imminutam
1130 3425 1274 3506 regularis
1290 3422 1418 3486 instituti
1433 3423 1490 3484 ob

343 3525 535 3603 servantiam,
543 3542 615 3586 cum
624 3524 664 3585 ob
675 3523 717 3583 rei
729 3522 900 3585 domestica
911 3523 1203 3586 administrationem
1216 3538 1276 3587 nou
1285 3522 1341 3584 rita
1351 3526 1488 3600 gestam3

343 3634 432 3706 atque
451 3622 562 3685 idcirco
583 3638 623 3682 ne
648 3619 685 3681 ad
709 3619 848 3681 ultimum
862 3640 939 3701 pene
957 3621 1106 3683 excidium
1124 3620 1293 3701 redigatur,
1313 3622 1491 3699 opportuno

343 3723 443 3801 aliquo
459 3718 633 3798 efficacique
659 3717 793 3778 remedio
808 3717 834 3777 ei
848 3736 941 3797 quam
953 3717 1096 3779 citissime
1107 3735 1172 3778 esse
1183 3711 1411 3779 consulendum.
1425 3716 1491 3776 Ev-

224 3894 226 3899 ,
342 3820 473 3902 positum
491 3835 611 3897 quoquc
632 3815 725 3878 Nobis
739 3815 794 3876 luit
816 3835 852 3876 ev
877 3822 963 3896 parte
986 3815 1131 3878 carissimi
1147 3818 1177 3877 in
1192 3815 1309 3877 Christo
1322 3812 1374 3874 lilii
1394 3813 1489 3874 nostri

341 3915 483 3982 Ludovici
490 3915 577 3994 Regis
586 3912 840 3990 christianissimi,
849 3913 948 3995 aptius
954 3914 1081 3991 nullum,
1096 3920 1127 3975 et
1140 3909 1398 3975 accommodatius
1410 3908 1492 3971 inve·

341 4016 398 4080 niri
413 4032 502 4098 posse
518 4011 683 4073 remedium
695 4011 733 4072 ad
748 4011 826 4072 idem
839 4012 1002 4091 Collegium
1017 4013 1056 4074 ab
1066 4030 1115 4089 eo,
1130 4011 1161 4072 in
1173 4028 1235 4091 quo
1246 4026 1329 4071 nuno
1342 4013 1489 4083 amantur,

221 4178 226 4187 ,
341 4112 513 4178 discrimine
525 4108 563 4172 ad
587 4109 829 4170 lloreutissimum
853 4128 939 4171 suum
955 4111 1113 4191 pristinum
1133 4115 1245 4171 statum
1265 4103 1489 4179 revocandum,

341 4209 475 4286 quamsi
501 4207 558 4269 sub
584 4203 757 4269 immediata
778 4206 912 4285 magistri
936 4206 1083 4285 generalis
1098 4204 1193 4267 totius
1213 4200 1331 4265 Ordinis
1348 4201 1490 4262 Fmtrum

343 4305 570 4368 Pradicatorum
586 4303 806 4384 jurisdictione,
824 4312 855 4367 et
868 4323 941 4366 cura
955 4305 1169 4380 constituatur,
1186 4309 1217 4364 et
1233 4298 1398 4383 apostolica
1411 4317 1491 4380 pra—

343 4405 422 4459 terea
435 4401 569 4477 ejusdem
579 4401 695 4482 collegii
706 4408 812 4482 agatur
825 4400 970 4478 visitatio,
986 4418 1140 4482 perquam
1152 4417 1208 4480 pro
1216 4398 1367 4460 malorum
1376 4392 1490 4457 ibidem

343 4496 505 4575 vigentium
516 4501 656 4562 varietate
678 4499 799 4581 optima?
813 4497 980 4560 condantur
992 4499 1071 4578 leges
1083 4503 1230 4579 perpetuo
1241 4491 1407 4559 servanda.
