3194 5354
766 455 968 510 CLEMENTlS
988 456 1056 508 XlV

836 630 985 698 XXXVl.

747 802 933 844 vausnsnrtr
955 800 1067 841 ruirnr

520 921 712 984 CLEMENTI
733 917 1039 980 suculamscot‘o
1060 914 1293 976 TREVlttENSI

428 1054 468 1102 ar
493 1055 645 1103 eriscoro
670 1053 857 1102 nususmuo
883 1052 908 1099 s.
934 1052 963 1100 ι.
988 1049 1391 1110 n.,rn1ncrrrunacron1‚

648 1174 883 1253 CLEMENS
910 1175 1040 1252 ΡΑΡΑ
1067 1174 1175 1251 XIV.

923 1335 951 1382 lu
961 1344 1017 1382 aare
1028 1329 1175 1393 Gandutptri,
1190 1335 1217 1378 tt
1231 1330 1337 1380 octobris
1348 1335 1418 1381 1769.

383 1445 691 1515 l'eaeradilisl'mter,
700 1450 758 1505 eto.
768 1444 919 1505 Perlatum
926 1442 965 1503 ad
971 1444 1032 1503 Nos
1039 1447 1085 1501 est
1096 1439 1299 1521 perniciosum
1310 1441 1327 1499 J
1331 1439 1420 1500 ustini
1432 1441 1488 1501 Fe-

337 1541 434 1601 bronii
449 1541 559 1601 librum
568 1540 654 1602 novis
663 1539 742 1601 etam
754 1541 833 1620 typis
842 1538 1028 1601 Franeosurti
1040 1537 1398 1618 recudi,eumquemulto
1409 1558 1487 1600 auc·

338 1638 457 1716 liorem,
468 1639 594 1718 aliisque
603 1637 642 1699 ad
654 1637 796 1717 pristinos
803 1637 953 1716 congestis
962 1654 997 1697 ac
1010 1635 1141 1716 undique
1153 1636 1323 1715 compilatis
1332 1637 1486 1697 erroribus

338 1736 482 1797 refertum
501 1737 610 1796 iterum
624 1753 688 1796 esse
706 1734 908 1815 proditurum.
924 1736 985 1794 Nos
1005 1752 1077 1794 sane
1095 1752 1152 1813 pro
1166 1752 1217 1810 ea,
1238 1752 1300 1813 qua
1313 1752 1377 1794 esse
1396 1733 1488 1796 delie-

338 1833 576 1913 mus‚.pastorali
592 1832 789 1894 sollieitudine
807 1833 1001 1894 vehementer
1017 1851 1166 1908 veremur,
1181 1851 1220 1893 ne
1235 1850 1314 1894 nova
1326 1833 1434 1894 exinde
1455 1834 1487 1895 in

338 1932 510 1992 universam
516 1930 609 1993 Nobis
615 1929 809 1992 commissam
815 1930 982 1992 Ecclesiam
989 1930 1171 1991 detrimenta
1177 1930 1354 2006 inserantur,
1363 1937 1415 1992 aut
1419 1932 1487 2008 jam

338 2029 422 2090 illata
431 2029 519 2091 latius
529 2034 744 2109 propagentur.
753 2031 820 2089 Tua
828 2028 919 2108 igitur
926 2028 1169 2109 perspectissime
1179 2027 1272 2089 Nobis
1280 2028 1393 2106 pietate
1403 2028 1485 2106 freti,

339 2146 374 2188 ae
388 2126 497 2206 egregii
511 2125 549 2186 de
560 2127 692 2188 Ecclesia
702 2125 792 2187 studii
803 2126 893 2204 plano
907 2144 1070 2203 memores,
1082 2128 1169 2204 eujus
1183 2125 1296 2187 illustre
1306 2106 1405 2187 'exstat
1416 2145 1487 2188 mo-

337 2230 517 2286 numentum
530 2223 561 2284 in
575 2225 719 2304 preclara
729 2222 836 2285 lamosi
850 2223 929 2284 illius
946 2223 1046 2304 operis
1060 2222 1289 2304 proscriptione,
1304 2240 1396 2303 quam
1411 2223 1486 2285 dum

337 2321 497 2401 episeopus
515 2319 700 2398 frisingensis
727 2337 824 2396 esses,
848 2319 980 2399 plurima
997 2338 1069 2380 eum
1091 2318 1180 2380 laude
1195 2318 1350 2399 peregisti,
1371 2337 1486 2382 novum

336 2437 419 2480 nune
436 2417 491 2478 tibi
510 2415 684 2493 hujusmodi
703 2417 745 2478 tui
769 2416 885 2478 deooris
904 2416 1090 2496 amplificum
1106 2384 1318 2495 argumentum
1338 2418 1488 2498 proponi-

337 2535 422 2592 mus,
442 2535 479 2577 ae
498 2534 516 2576 a
533 2521 580 2590 to,
594 2512 781 2573 Venerabilis
804 2513 907 2590 trater,
929 2513 1077 2589 maJ'orem
1101 2512 1130 2573 in
1152 2512 1276 2574 modum
1302 2513 1433 2592 petimus
1456 2523 1488 2575 et

337 2616 519 2696 flagitamus,
535 2619 569 2673 ut
581 2630 637 2693 pro
651 2616 714 2688 tua,
725 2630 786 2692 qua
798 2611 907 2690 polles,
916 2610 1077 2690 dignitate,
1090 2611 1225 2690 tantique
1239 2611 1371 2673 nominis
1382 2619 1487 2673 ancto-

337 2713 426 2773 ritate
447 2726 569 2772 omnem
590 2725 707 2785 eurum,
729 2726 869 2788 operam,
892 2728 928 2770 ae
945 2709 1129 2789 diligentiam
1151 2729 1259 2791 ponas,
1275 2717 1309 2771 ut
1322 2720 1491 2774 venenatus

337 2811 387 2871 ille
409 2828 444 2869 ae
467 2805 588 2888 pestiler
608 2803 714 2884 foetus,
738 2814 901 2887 antequam
919 2807 1029 2869 iterum
1053 2808 1083 2869 in
1103 2808 1202 2869 lucem
1228 2806 1348 2888 prodire
1370 2810 1488 2888 possit,

336 2907 515 2969 sntioeetur.
537 2905 646 2983 Magna
665 2904 754 2966 isthic
767 2905 849 2984 viges
866 2906 948 2987 apud
966 2924 1072 2968 omnes
1085 2905 1322 2982 existimatione,
1342 2907 1488 2985 praeclaro

337 3012 407 3068 sunt
425 3005 590 3066 multorum
605 3021 676 3083 erga
690 3010 720 3064 te
734 3003 851 3076 studia,
866 3004 1031 3085 plurimum
1044 3003 1100 3064 tibi
1118 3003 1244 3083 quisque
1263 3009 1294 3064 et
1307 3022 1363 3084 pro
1376 3006 1487 3067 nobili-

336 3105 408 3165 tatis
422 3110 453 3164 et
464 3122 520 3183 pro
531 3102 650 3163 virtutis
664 3107 724 3163 tuae
736 3100 894 3182 splendore
908 3101 1015 3163 defert.
1030 3103 1101 3176 Quae
1116 3099 1238 3180 quidem
1252 3107 1376 3181 accepta
1392 3120 1410 3162 a
1424 3101 1487 3163 Deo

337 3217 464 3262 munera
476 3199 515 3259 ad
526 3199 577 3259 Dei
590 3199 682 3279 ipsius
691 3216 814 3259 oausam
826 3199 962 3260 conterre
976 3198 1081 3274 debes,
1097 3196 1292 3258 adtuendam
1306 3197 1417 3259 scilieet
1431 3199 1488 3259 Ec·
1536 3210 1547 3227 ‘

338 3296 436 3358 elesiae
450 3297 698 3376 tranquillitatem
708 3303 739 3357 et
749 3315 868 3376 paoem,
884 3316 920 3359 ao
930 3297 969 3358 ad
979 3304 1132 3373 veterem,
1147 3314 1215 3375 quae
1229 3295 1258 3355 in
1276 3295 1341 3374 ipsa
1354 3294 1487 3357 &alesia

339 3400 398 3470 est,
412 3394 560 3472 integram
573 3399 663 3473 atque
678 3393 857 3456 incolumem
867 3391 1055 3455 retinendam
1064 3392 1360 3473 conservandamque
1371 3391 1487 3454 doetri-

337 3508 420 3553 nam.
437 3490 484 3552 Ad
505 3489 535 3550 id
556 3491 672 3570 egregio
686 3491 889 3571 praestandum
904 3492 1145 3572 opportunitates
1165 3490 1327 3570 vigilantiae
1347 3498 1405 3553 tuae
1425 3492 1487 3552 mir

337 3592 419 3654 nime
432 3590 569 3666 deerunt,
584 3608 655 3650 eum
672 3588 794 3651 easdem
805 3609 867 3651 non
887 3590 985 3651 solum
1004 3589 1148 3669 arripere,
1164 3587 1216 3650 sed
1237 3588 1379 3650 indneere
1393 3588 1485 3650 etiam

338 3709 374 3750 ae
395 3687 537 3764 excitare,
561 3686 585 3747 si
606 3704 683 3767 opus
697 3686 751 3764 sit,
771 3686 918 3748 industria
933 3692 1023 3765 atque
1044 3685 1224 3747 auctoritate
1242 3687 1351 3766 possis.
1369 3686 1486 3748 Foceris

337 3786 429 3866 igitur
443 3803 504 3847 non
522 3783 619 3846 solum
639 3803 695 3864 pro
717 3783 897 3865 episeopali,
912 3802 972 3863 quo
989 3783 1098 3844 eximie
1115 3784 1265 3864 fungeris,
1281 3800 1417 3859 munere,
1434 3784 1486 3845 sed

339 3904 397 3967 pro
408 3884 451 3945 tui
466 3883 558 3944 etiam
573 3883 664 3943 animi
681 3901 716 3944 ac
729 3882 848 3963 generis
860 3881 1017 3962 splendore
1032 3898 1147 3962 proque
1161 3882 1229 3959 illa,
1250 3898 1318 3962 quae
1331 3881 1361 3942 in
1383 3888 1413 3942 te
1427 3900 1487 3961 po-

337 3983 487 4046 tissimum
500 3979 636 4042 enitescit
649 3980 760 4061 pietate
783 3997 818 4041 ae
831 3977 994 4056 religione,
1012 3978 1036 4039 si
1052 3985 1228 4060 erupturam
1244 3979 1353 4040 iterum
1369 3985 1487 4042 tantam

337 4098 475 4143 erromm
502 4083 618 4159 pestem
646 4083 764 4139 mature
784 4076 978 4157 oppresseris.
1002 4076 1200 4139 Confirmabis
1224 4082 1289 4138 tum
1309 4075 1487 4155 praeclaram

338 4186 473 4239 nostram
486 4176 524 4237 de
536 4175 678 4255 singulari
696 4175 806 4235 virtute
824 4181 877 4235 tua
893 4175 1082 4256 opinionem,
1099 4194 1134 4237 ao
1154 4176 1196 4237 ita
1209 4181 1346 4237 nostmm
1364 4192 1435 4253 erga
1456 4183 1487 4239 te

339 4275 474 4336 animum
487 4275 648 4355 devincies,
663 4282 698 4336 ut
716 4276 833 4337 nullum
850 4275 889 4337 sit
903 4276 1065 4338 Pontifieiae
1080 4276 1272 4357 benignitatis
1287 4291 1393 4353 genuS,
1404 4275 1487 4353 quod

339 4371 369 4431 in
385 4376 415 4430 te
427 4371 562 4434 conferre
575 4374 776 4437 accumulare
790 4392 851 4435 non
865 4375 996 4436 maxime
1009 4375 1177 4457 cupiamus.
1191 4376 1235 4436 Ac
1250 4373 1279 4433 in
1294 4372 1384 4451 huJus
1398 4373 1488 4433 luen-
1532 4424 1540 4440 ‚

338 4467 510 4531 lentissimae
525 4489 595 4550 erga
612 4479 641 4534 te
657 4478 765 4533 nostrae
778 4472 938 4534 voluntatis
959 4473 1067 4554 pignus
1088 4472 1284 4554 apostolicam
1298 4469 1488 4535 benedictio-
