3194 5354
235 446 283 496 rra
663 434 863 493 CLEMENTts
881 432 946 492 xlv

232 551 265 606 ut
279 541 376 618 scitis,
393 539 585 616 satisfecisse,
602 540 688 621 eique
702 559 783 603 nunc
796 541 944 604 maximas
960 547 1050 620 atque
1064 536 1250 601 immortales
1266 533 1381 603 idcirco

230 639 346 718 agimus
360 644 449 718 atque
463 637 609 699 habemus
627 638 754 716 gratias,
774 638 857 719 quod
879 644 964 700 tanto
982 635 1082 698 studio
1098 635 1210 699 tuenda
1229 637 1381 718 religionis

231 752 349 814 unaque
361 733 449 813 regia
461 733 617 813 potestatis
628 734 698 812 jura
708 733 882 814 susceperit.
895 736 1094 813 Quapropter,
1104 732 1291 795 Venerabilis
1303 735 1380 796 Fra-

229 839 286 908 ter,
301 849 372 893 curn
387 830 427 892 ad
439 830 502 893 huc
520 837 605 893 muta
617 830 703 894 vobis
722 829 859 911 presidia
877 836 1069 910 comparata,
1083 835 1182 892 vestra
1200 829 1294 892 etiam
1315 837 1379 893 tam

228 931 371 1011 preclara
377 930 408 991 iu
418 930 622 1010 importunam
632 928 714 992 illam
720 927 870 992 scribendi
880 926 1083 1009 opinandique
1092 925 1245 991 licentiam
1256 925 1379 991 decreta

228 1029 422 1105 accesserint,
434 1026 572 1090 delectui
583 1025 714 1091 maxime
728 1043 848 1099 sumus,
863 1045 915 1088 eas
928 1043 1009 1087 nuuc
1023 1031 1138 1088 vestras
1152 1024 1285 1087 extitisse
1296 1024 1379 1106 epis-

119 1140 128 1158 '
228 1124 343 1204 eopalis
354 1142 470 1204 opera,
490 1131 579 1203 atque
596 1123 782 1189 auctoritatis
795 1135 915 1205 partes,
929 1124 1059 1205 quibus,
1077 1122 1270 1204 quantumin
1291 1123 1378 1185 vobis

226 1229 290 1299 ost,
306 1222 356 1283 illa
367 1221 459 1302 possit
476 1220 622 1298 coerceri,
636 1229 725 1302 atque
738 1223 867 1304 opprimi
882 1222 1004 1285 tandem
1017 1221 1180 1302 impietatis
1191 1220 1328 1284 audacia.
1342 1221 1377 1282 ld

226 1318 319 1380 Nobis
329 1320 476 1397 maiorem
487 1317 517 1380 in
536 1316 661 1380 modum
681 1320 841 1400 persuadet
858 1327 956 1382 vestra
976 1318 1113 1381 omniurn
1128 1317 1158 1379 iu
1169 1325 1233 1379 tam
1244 1318 1378 1380 salutare

226 1420 384 1481 eonsilium
399 1418 572 1493 consensio,
584 1417 667 1498 quod
679 1417 759 1478 enim
771 1417 956 1495 conjunctim
970 1424 1056 1477 tanto
1069 1415 1239 1477 animorum
1253 1414 1376 1491 ardore,
1405 1421 1408 1427 '

226 1525 371 1596 tantaque
383 1516 531 1596 sapientia
544 1515 704 1592 statuistis,
713 1515 836 1577 minime
854 1514 1044 1591 dubitamus,
1055 1513 1128 1593 quin
1143 1513 1270 1593 quisque
1282 1532 1375 1594 porro

226 1615 264 1675 sit
277 1632 333 1694 pro
347 1631 402 1675 sua
414 1612 486 1673 virili
498 1618 584 1692 parte
603 1631 722 1674 summa
735 1631 844 1693 opera,
868 1610 1042 1687 sedulitate,
1058 1610 1262 1691 industriaque
1282 1629 1376 1672 cura-

226 1717 324 1771 turus.
347 1708 471 1770 Mirifice
487 1709 587 1788 itaque
607 1709 787 1789 probamus,
802 1727 838 1770 ac
858 1707 1107 1770 commendamus
1128 1706 1184 1768 has
1207 1712 1375 1770 vestrorum

226 1807 418 1869 comitiorum
427 1806 576 1885 actiones,
588 1825 654 1887 quae
664 1807 702 1870 de
713 1825 833 1870 summa
843 1806 913 1870 fidei
926 1826 963 1870 ac
975 1805 1124 1887 religionis
1133 1811 1242 1869 nostra
1251 1814 1377 1870 versata

226 1911 315 1980 sunt,
333 1903 363 1964 in
377 1903 471 1983 iisque
488 1903 656 1984 Episcopali
671 1911 769 1966 vestro
787 1904 903 1966 muneri
918 1905 1007 1985 plane
1022 1910 1254 1966 consentaneam
1267 1903 1376 1965 sollici-

228 1999 383 2076 tudinem,
397 1999 507 2076 mlum,
521 2018 556 2060 ac
571 1997 752 2080 vigilantiam
765 2000 965 2080 agnoscimus.
979 2003 1113 2074 Quarum
1123 1999 1247 2061 laudum
1256 2005 1374 2080 partem

230 2097 257 2158 in
269 2103 299 2156 te
310 2093 475 2157 maximam
484 2096 551 2174 iure
563 2095 731 2157 redundare
742 2097 949 2158 existimamus
959 2142 967 2173 ,
978 2096 1029 2177 qui
1041 2096 1154 2158 eisdem
1163 2095 1375 2178 prefuerisoo-

224 2190 336 2268 mitiis,
354 2209 519 2272 eorumque
541 2191 735 2255 consiliorum
753 2192 929 2274 potissimus
949 2199 1054 2255 auctor
1073 2191 1176 2254 tueris.
1191 2191 1278 2266 Quod
1300 2209 1372 2253 vero

224 2287 316 2350 etiam
329 2287 368 2351 de
382 2288 464 2351 hisee
477 2287 606 2351 decretis
617 2288 722 2352 vestris
734 2287 773 2353 ad
786 2290 848 2352 Nos
859 2305 916 2370 pro
932 2294 986 2351 tuo
1007 2305 1131 2351 munem
1146 2287 1371 2369 perscripseris‚

224 2393 345 2462 gratum
360 2387 390 2451 id
403 2387 496 2450 Nobis
509 2387 700 2450 vehementer
712 2386 786 2464 luit3
801 2405 863 2450 una
875 2386 957 2450 enirn
968 2403 1035 2465 quae
1045 2392 1098 2447 tua
1109 2385 1148 2447 sit
1158 2403 1231 2464 ergo
1242 2385 1321 2460 Nos,
1335 2400 1373 2446 ac

225 2482 432 2562 apostoticam
442 2482 521 2545 hanc
532 2482 640 2548 &dem
650 2483 841 2547 observantia
852 2481 971 2547 aclides
980 2481 1133 2546 luculento
1143 2480 1290 2560 eiusmodi
1299 2479 1371 2544 oss-

225 2576 274 2637 cio
285 2577 455 2643 declarasti.
471 2581 568 2652 Quare
581 2586 610 2642 te
626 2598 697 2642 cum
711 2581 818 2644 ceteris
834 2579 1062 2644 Venerabilibus
1081 2578 1236 2641 Fratribus
1251 2578 1374 2657 collegis

226 2677 286 2739 tuis
307 2678 550 2758 plurimanostra
563 2678 773 2759 prosequimur
784 2677 927 2755 ceritum,
939 2685 1029 2759 alque
1050 2677 1087 2738 iis
1103 2676 1292 2754 extollimus,
1306 2694 1372 2756 qrrn

226 2782 325 2836 vestro
340 2774 371 2836 in
385 2773 551 2838 Ecclesiam
560 2774 678 2850 studio,
692 2793 728 2838 ao
743 2774 931 2837 intuendum
941 2774 1138 2837 commissum
1151 2772 1236 2835 robis
1250 2789 1372 2852 gregem

224 2871 383 2953 diligentie
393 2871 454 2936 siut
466 2870 729 2951 diguae,maximis
742 2872 856 2937 sedicet
866 2890 901 2935 ac
913 2871 1074 2935 verissimis
1088 2869 1245 2948 laudibus,
1261 2869 1373 2950 quibus

224 2989 293 3033 earn
315 2969 406 3035 etiam
420 2970 561 3050 coniungi
583 2970 787 3034 hortationem
806 2976 941 3033 nostram
957 2969 1144 3046 existimate,
1164 2988 1231 3050 qua
1243 2988 1298 3031 vos
1315 2970 1371 3032 etsi

223 3077 331 3152 sponte
344 3088 398 3147 ea,
422 3087 488 3149 quae
502 3067 539 3133 ad
560 3069 693 3133 divinam
711 3066 838 3148 gloriam
859 3067 1048 3144 conducunt,
1065 3073 1254 3148 capessentes
1272 3065 1372 3129 adhuc

223 3167 320 3245 magis
334 3166 448 3243 incitet,
464 3184 500 3228 ac
515 3165 691 3229 inflammet.
705 3165 883 3244 Huiusmodi
896 3175 1014 3229 nostros
1029 3183 1135 3229 sensus
1152 3163 1340 3228 vehementer
1352 3183 1372 3226 a

224 3268 253 3320 te
264 3262 421 3341 cupimus,
434 3269 468 3324 ul
478 3280 548 3325 cum
569 3261 674 3327 iisdem
687 3262 808 3342 collegis
821 3261 879 3324 tuis
889 3270 993 3324 nostro
1011 3261 1133 3325 nomine
1146 3260 1370 3336 communices,

225 3376 260 3417 ac
282 3357 446 3441 participes
458 3357 550 3420 etiam
573 3358 653 3438 ipsus
670 3357 763 3422 iacias
784 3358 963 3438 apostolica
983 3357 1218 3436 benedictionis,
1232 3375 1323 3438 quam
1338 3357 1371 3419 in

224 3452 382 3536 pontificia
402 3452 644 3517 cumulatissime
658 3454 819 3519 voluntatis
835 3454 943 3536 pignus
963 3454 1033 3531 tihi,
1048 3454 1232 3519 Venerabilis
1253 3455 1372 3529 Frater,

224 3560 413 3634 peramanter
428 3549 626 3632 impertimur.
643 3554 772 3626 Datum,
794 3561 865 3624 etc„
884 3565 921 3614 26
939 3553 1112 3632 septembris
1137 3564 1224 3628 1770,
1244 3553 1373 3631 pontifi-

223 3659 305 3713 rotas
317 3655 412 3714 nostri
426 3668 507 3712 ariao
520 3650 659 3711 secundo.

756 3821 835 3892 ClV.

482 3960 654 4004 csntssnto
676 3962 708 4004 tlt
733 3961 866 4005 cuutsso
889 3960 971 4004 sltlo
992 3959 1112 4002 NOSTRO

372 4046 539 4108 rossano
560 4051 847 4114 Postuesttlffi
867 4051 916 4110 ΕΤ
937 4046 1216 4111 ssosusrottuu

651 4158 725 4205 neor
743 4157 942 4208 uiuacissimo

534 4243 767 4322 CLEMENS
795 4246 920 4320 PAPA
949 4243 1056 4320 le.

747 4371 774 4415 ln
789 4373 847 4417 Arce
863 4367 1017 4429 Gaurlntplri,
1031 4369 1059 4414 77
1072 4362 1202 4426 septenbri
1222 4362 1292 4409 1770.

266 4444 446 4522 Carissimo,
458 4458 514 4508 etc.
531 4452 606 4510 Curn
627 4448 745 4528 publice
764 4450 1003 4528 persolverentur
1022 4452 1083 4510 Deo
1098 4445 1222 4537 Optimo
1239 4440 1375 4504 blasiano
