3194 5354
321 491 373 541 268
750 483 952 539 mellentis
970 483 1033 536 xlv

319 608 410 672 quem
422 588 611 651 carissimum
629 589 796 666 habemus,
812 590 906 650 multo
926 586 1024 649 adbuc
1040 588 1241 668 acceptiorem
1266 591 1362 653 Nobis
1385 592 1470 656 lotu-

319 705 386 749 rum
398 704 463 748 esse
474 685 613 747 latemur.
630 686 816 764 Maiestatem
830 687 932 763 itaque
944 687 1042 747 Tuam
1056 684 1147 746 etiam
1161 693 1251 766 atque
1267 687 1362 750 etium
1377 708 1471 770 roga-

319 803 385 847 ruus
404 792 438 845 ut
455 784 554 864 ipsum
564 791 594 844 et
608 791 710 846 nostra
725 804 832 861 causa,
847 792 878 845 et
894 803 949 847 sno
965 784 1058 845 etiam
1072 784 1196 862 merito,
1213 804 1275 866 qua
1285 789 1376 866 soles,
1389 791 1472 870 regia

319 883 505 945 humanitate
519 889 571 943 tua
581 882 724 963 excipias,
737 882 918 968 tandemque
933 881 963 942 in
975 880 1116 943 omnibns
1127 882 1217 944 rebus
1228 890 1350 963 prostes
1362 885 1468 964 tidem,

316 1001 408 1063 quam
422 982 514 1044 Nobis
528 981 618 1062 ipsis,
635 982 660 1043 si
680 989 781 1042 tecum
799 989 958 1062 praesentes
973 982 1174 1061 loqueremur,
1185 981 1355 1044 adhiberes.
1368 986 1469 1066 Atque

316 1078 393 1140 inter
407 1097 454 1140 res
469 1077 592 1139 aNobis
610 1076 665 1139 sibi
680 1077 856 1139 commissas
876 1077 947 1139 illud
971 1094 1042 1138 sane
1055 1083 1101 1138 est
1120 1077 1320 1158 precipuum,
1332 1086 1368 1139 ut
1379 1095 1469 1158 egre-

315 1175 396 1255 giam
419 1182 608 1237 nostrumne
630 1182 806 1254 perpetuam
829 1193 900 1254 erga
918 1182 948 1236 te
966 1182 1112 1253 tuumque
1132 1192 1259 1254 regnum
1280 1173 1469 1238 voluntatem

315 1273 467 1341 declarare
495 1291 661 1353 numquam
682 1273 869 1345 intermittat.
892 1273 996 1334 Facies
1016 1272 1105 1354 igitur
1124 1292 1180 1353 pro
1204 1280 1258 1335 tua
1279 1273 1310 1334 in
1329 1275 1409 1350 Nos,
1432 1293 1468 1336 ac

316 1371 517 1451 spostolicae
531 1371 611 1432 hanc
629 1371 736 1433 Sedem
753 1372 994 1452 perspectissime
1014 1373 1142 1453 pietate,
1163 1372 1188 1434 si
1209 1373 1363 1436 hominem
1384 1362 1468 1456 regia

314 1469 410 1546 gratia
424 1477 487 1544 tua,
502 1487 538 1528 ac
552 1468 709 1549 patricinio
723 1468 840 1546 foveas,
857 1477 948 1548 atque
966 1469 1024 1530 hac
1039 1469 1130 1530 etiam
1149 1487 1182 1530 re
1195 1469 1356 1532 confirmes
1373 1469 1467 1531 Nobis

315 1573 454 1629 mutuum
466 1573 551 1627 tunm
562 1566 593 1627 in
603 1569 663 1629 Nos
678 1585 814 1628 amorem
824 1586 950 1628 summae
963 1568 1004 1629 illi
1020 1577 1150 1649 paterne
1162 1569 1279 1631 caritati
1289 1588 1395 1650 parem
1404 1589 1467 1651 qua

315 1669 344 1722 te
367 1662 556 1742 singulariter
576 1663 816 1745 complectimur,
837 1684 959 1746 qunque
981 1668 1052 1727 Tua.
1069 1667 1168 1747 Regiae
1189 1669 1334 1748 Maiestati
1355 1669 1466 1732 intimo

313 1762 412 1824 cordis
428 1765 519 1825 nostri
533 1783 620 1826 sensu
642 1764 837 1844 apostolicam
854 1763 1094 1827 benedictionem
1108 1766 1309 1829 amantissime
1321 1765 1466 1847 imperti-

314 1881 393 1925 mur.
413 1865 525 1925 Dutnm
549 1867 664 1935 Romu,
680 1865 763 1942 opud
784 1866 926 1926 Sanctum
944 1866 1075 1924 Momom
1089 1868 1247 1942 quorem,
1268 1866 1322 1927 sub
1336 1867 1465 1928 Annulo

315 1962 489 2031 pecatore,
501 1963 553 2022 die
564 1963 762 2041 oseptembris
779 1973 866 2038 trra,
875 1966 1065 2041 pontificatus
1078 1971 1176 2026 nostri
1188 1971 1394 2046 annoqur'nto.

796 2085 979 2097 ..α-*-

776 2190 991 2261 CCXXXVll.

570 2351 740 2394 cuarssrrro
763 2352 797 2392 m
820 2351 952 2394 cnnrsro
976 2350 1058 2393 muro
1080 2325 1196 2395 nosrno

423 2455 617 2515 Lunovleo
632 2457 870 2517 FRANCORUM
891 2455 985 2516 REGI
1007 2455 1344 2520 CllIllSTlANlSSlMO

621 2569 856 2649 CLEMENS
883 2573 1012 2649 PAPA
1040 2572 1146 2652 XIV.
1231 2596 1234 2603 ·

1041 2723 1163 2783 Romame
1172 2720 1314 2784 septembris
1328 2726 1396 2774 1773.

353 2824 524 2899 durissime,
537 2830 593 2885 etc.
610 2824 672 2886 Etsi
693 2825 864 2888 certissimis
883 2828 1001 2890 indiciis
1015 2828 1181 2890 luculenter
1195 2833 1339 2891 testatum
1351 2829 1454 2908 blajes

309 2917 361 2978 tati
381 2921 452 2978 Tuae
465 2917 505 2978 sit
515 2924 701 2999 quantopere
713 2919 795 2999 pacis
809 2926 841 2981 et
851 2927 962 2983 mutuae
971 2922 1048 2984 inter
1056 2939 1161 3004 omnes
1175 2920 1389 2985 confirmanda
1402 2942 1458 2989 oa-

308 3012 403 3075 ritatis
419 3014 574 3095 percupidi
596 3014 704 3093 simus,
716 3022 818 3077 tamen
838 3035 899 3097 quo
913 3017 1080 3098 quibusque
1098 3017 1226 3078 arctiore
1244 3017 1458 3082 benevolentiae

308 3111 425 3174 vinculo
439 3114 664 3193 adstringimur,
679 3121 848 3195 etquornm
862 3117 1091 3179 consensionem
1103 3115 1200 3196 magis
1212 3116 1250 3178 ad
1262 3136 1456 3182 communem

307 3209 466 3272 utilitatem
483 3211 618 3272 conferre
628 3211 778 3291 ducimus,
792 3231 829 3274 eo
841 3213 1009 3276 uberiorem
1021 3231 1058 3275 ex
1066 3212 1231 3288 eorundem
1242 3215 1455 3293 coniunctione

304 3307 525 3385 jucunditatem
538 3309 688 3389 cupimus.
705 3311 868 3391 Propterea
882 3329 918 3373 ex
928 3311 1131 3392 redintegrata
1143 3357 1152 3389 ,
1166 3330 1203 3374 ae
1214 3310 1406 3376 dilectissimo
1420 3314 1452 3376 in

306 3403 423 3465 Christo
437 3404 501 3465 lilio
515 3413 616 3466 nostro
633 3406 820 3469 Ferdinando
836 3408 1049 3490 Hispaniarum
1064 3408 1171 3472 Infanti
1193 3411 1296 3492 nepoti
1307 3417 1359 3475 tuo
1371 3413 1453 3493 pris-

307 3505 369 3565 tina
382 3503 546 3583 Maiestatis
557 3506 629 3565 Ture
646 3504 764 3566 reddita
783 3505 879 3586 gratia
895 3506 1098 3568 incredibilem
1112 3506 1143 3568 in
1154 3507 1281 3570 modum
1293 3508 1379 3571 letati
1395 3528 1452 3571 su-

306 3623 373 3666 mus
384 3648 393 3676 ,
406 3611 437 3666 et
447 3604 513 3682 tibi,
525 3623 560 3665 ac
571 3603 662 3665 Nobis
673 3603 743 3685 ipsis
753 3604 943 3666 vehementer
956 3605 1153 3684 gratulamur.
1172 3604 1324 3685 Siquidem
1338 3604 1376 3665 ad
1387 3607 1451 3669 Nos

306 3704 446 3779 attinere,
461 3720 575 3784 nosque
596 3702 721 3784 propius
735 3702 880 3782 attingere
895 3701 1117 3780 existimamus,
1129 3720 1195 3782 qne
1209 3701 1247 3764 ad
1262 3701 1452 3780 blajestatem

304 3800 402 3859 Tuam
415 3817 596 3880 omnemque
616 3799 729 3879 regiam
751 3805 837 3861 tuam
855 3798 999 3860 familiam
1021 3799 1182 3881 pertinent.
1204 3797 1278 3874 Quid
1297 3799 1380 3861 enim
1393 3819 1452 3881 pro

305 3893 398 3957 nostri
409 3893 439 3956 iu
449 3900 478 3954 te
493 3896 604 3957 amoris
615 3894 834 3975 magnitudine,
849 3901 879 3956 et
888 3895 1016 3977 publice
1032 3894 1167 3956 utilitatis
1182 3893 1281 3957 studio
1291 3894 1385 3956 Nobis
1396 3914 1452 3977 op-

305 3992 425 4055 tabilius
446 4011 481 4053 ac
492 3993 655 4070 jucundius
674 3999 774 4073 potest
783 3992 965 4073 contingere,
977 4012 1069 4073 quam
1082 3999 1116 4053 nt
1128 3991 1450 4073 mutuaquemadmo-

303 4091 377 4153 ‹lum
388 4090 540 4169 sanguinis
550 4136 557 4167 ,
569 4091 854 4172 acpropinquitatis,
864 4092 907 4153 ita
919 4092 1131 4156 benevolentia
1146 4093 1217 4155 item
1229 4093 1449 4157 necessitudine

304 4188 541 4268 semperegregie
551 4187 698 4250 munitam
706 4188 860 4251 videamus
869 4191 982 4251 Domus
991 4196 1094 4252 vestrae
1105 4174 1279 4253 felicitatem
1288 4207 1358 4251 cnm
1368 4206 1451 4251 com

305 4285 387 4345 muni
401 4286 536 4348 omnium
552 4284 709 4363 felicitate,
721 4295 833 4348 etcum
852 4285 992 4348 Ecclesia
1011 4286 1103 4368 ipsius
1119 4285 1334 4366 tranquillitate
1346 4290 1451 4345 tanto-

305 4399 375 4456 pere
393 4385 603 4460 conjrmctam‘t
627 4387 721 4447 Deum
741 4383 894 4464 Optimum
912 4384 1078 4447 Maximum
1093 4402 1213 4446 summo
1232 4381 1325 4445 animi
1343 4379 1450 4444 ardore

302 4475 505 4556 exposcimus,
520 4490 550 4540 ut
563 4480 694 4543 letitiam
704 4481 781 4542 hanc
795 4486 939 4559 nostram,
950 4500 1041 4561 apuam
1052 4480 1104 4543 tibi
1116 4480 1293 4560 significare,
1307 4486 1337 4541 et
1350 4485 1448 4541 tecum
