3194 5354
493 504 671 561 misione
689 505 735 560 ΕΤ
754 507 887 562 natvm
906 508 1141 565 sutucrtoua.
1335 516 1389 571 «167

243 614 281 675 de
299 608 441 692 singulari
461 617 566 673 nostro
578 613 609 672 in
629 619 661 673 te
673 628 777 682 amore
788 612 947 690 indicium,
959 613 1153 677 dilectissime
1169 617 1202 678 iu
1214 617 1331 681 Gbristo
1347 621 1388 684 ult

242 719 354 791 noster,
368 717 398 773 et
411 711 495 793 quod
513 711 618 774 scribis
635 712 674 774 de
687 713 805 793 egregia
818 719 872 775 tua
889 728 1043 794 propense
1064 720 1173 776 nostrat
1190 713 1221 777 in
1234 723 1266 778 te
1277 718 1388 780 volun-

240 807 452 887 mistionem,
472 808 503 870 id
526 807 625 891 ipsum
645 808 738 871 Nobis
758 814 805 871 eat
826 809 1093 888 jucundissimum,
1112 817 1144 872 et
1156 819 1286 893 patemo
1307 814 1340 875 iu
1357 823 1387 877 te

242 903 344 968 animo
360 905 485 968 omnino
500 912 744 969 consentaneum.
759 906 840 969 Nilul
857 907 938 972 enim
958 910 1054 989 magis
1069 910 1223 991 cupimus,
1240 928 1339 993 quarn*
1354 922 1387 978 ut

240 1002 294 1064 tibi
304 1003 401 1085 reipsa
410 1003 636 1082 confirmemus,
646 1003 728 1067 teob
738 1004 961 1085 stannaturae
970 1006 1001 1067 in
1010 1008 1071 1068 Noa
1083 1024 1120 1069 ac
1129 1010 1269 1072 &nomm
1278 1012 1386 1076 sedem

239 1097 345 1162 merito
357 1100 487 1162 mirifice
499 1121 517 1163 a
529 1097 621 1163 Nobis
632 1101 726 1181 euin,
743 1101 927 1185 plurimique
939 1104 1004 1164 lieri
1020 1111 1051 1166 et
1064 1121 1161 1186 queo
1172 1104 1264 1168 noan
1274 1106 1386 1188 gratii-

237 1197 326 1258 candi
344 1198 388 1260 tni
403 1214 496 1260 causa
518 1197 668 1280 proticisci
682 1200 800 1262 valeant
818 1201 924 1262 eadem
937 1215 999 1264 nou
1018 1207 1082 1263 ate
1100 1203 1196 1283 magia
1215 1203 1384 1286 expectari,

237 1308 330 1377 quam
346 1316 364 1358 e
382 1297 475 1359 Nobis
488 1298 559 1380 ipsis
573 1305 607 1360 ut
617 1296 671 1360 tibi
688 1304 864 1380 prestemus
878 1299 986 1379 optari.
999 1301 1163 1381 Propterea
1174 1340 1182 1378 ,
1194 1317 1263 1382 qun
1276 1301 1385 1364 litteris

237 1395 296 1459 tuis
306 1397 355 1458 die
363 1397 430 1459 xlx
444 1399 516 1460 maii
529 1397 607 1460 datis
619 1396 789 1479 postulasti,
802 1395 1025 1475 diligentissime
1039 1396 1317 1480 studiosissimae
1327 1414 1384 1465 cb-

233 1492 404 1573 guoscenda
415 1495 613 1576 suscepimus,
628 1501 721 1575 atque
732 1493 845 1571 omnia,
860 1512 928 1574 que
949 1493 988 1555 sd
1007 1509 1072 1555 rem
1095 1494 1245 1574 pertinent
1263 1512 1384 1559 summa

233 1605 307 1651 ema
319 1586 467 1672 conquiri,
479 1600 509 1654 et
521 1590 560 1653 ad
568 1591 629 1654 Nos
642 1589 741 1653 alleri
746 1589 901 1669 iussimus.
916 1589 950 1652 ld
961 1590 1063 1670 itaque
1074 1587 1139 1669 tibi,
1151 1591 1342 1655 dilembsimo
1351 1594 1383 1654 in

232 1683 348 1748 Cirristo
369 1684 412 1760 ,nii
431 1692 545 1765 noster,
564 1688 629 1767 jem
644 1702 725 1750 nunc
748 1686 950 1764 asininarum,
971 1687 1033 1749 Nos
1056 1694 1207 1768 quatenus
1224 1690 1381 1770 apostolici

233 1778 386 1845 ministerii
398 1781 499 1847 officio
512 1783 636 1846 minime
647 1781 857 1864 impedierunt,
870 1789 902 1844 et
920 1789 1068 1863 quantum
1079 1800 1136 1864 pro
1155 1783 1200 1845 rei
1218 1786 1380 1865 grautato,

233 1880 263 1938 et
276 1879 391 1941 Sanctae
405 1880 489 1942 Sedis
499 1881 642 1961 dignitate
655 1877 749 1942 Nobis
763 1880 820 1942 erit
833 1880 995 1960 integrum,
1005 1880 1198 1942 libentissime
1208 1889 1381 1960 curaturos,

231 1974 389 2052 postulatis
404 1979 437 2037 ut
457 1976 517 2037 tuis
534 1975 598 2038 fieri
617 1972 690 2037 satia
709 1975 816 2057 possit.
827 1975 861 2036 Id
874 1974 929 2035 tibi
940 1975 1200 2056 persuasissimum
1218 1993 1379 2038 nunoesse

230 2071 379 2150 volumus,
390 2079 420 2133 et
431 2092 502 2135 curu
510 2073 548 2134 de
562 2073 644 2134 omni
655 2091 688 2134 re
699 2079 854 2155 perspecta
864 2078 955 2152 atque
967 2072 1105 2134 absoluta
1118 2073 1276 2136 certiorem
1291 2080 1322 2134 te
1334 2073 1378 2134 la-

228 2167 360 2244 ciemus,
375 2187 566 2249 summopere
579 2176 739 2251 optamus,
751 2177 786 2232 ut
797 2169 945 2250 ejusmodi
959 2170 1110 2232 sententie
1125 2177 1234 2232 nostrae
1250 2172 1327 2233 ratio
1347 2181 1377 2233 et

228 2265 420 2344 postulationi
442 2273 515 2344 tuae,
537 2273 569 2328 et
590 2267 686 2330 emori
709 2274 830 2345 nostro,
854 2286 890 2329 uc
909 2267 1001 2330 moris
1015 2267 1068 2328 tibi
1086 2267 1207 2347 gerendi
1231 2268 1376 2331 desiderio

228 2362 358 2424 manime
368 2362 546 2426 consentiat.
558 2363 681 2425 Interim
699 2381 823 2426 summe
830 2409 839 2442 ,
853 2381 914 2444 qua
931 2370 962 2425 te
975 2363 1203 2444 complectimur
1216 2366 1376 2445 pontificiae

227 2458 360 2521 caritatis
373 2462 499 2536 testem,
515 2465 547 2521 et
564 2459 730 2522 ooelestium
753 2459 971 2524 Mnessdorum
990 2460 1159 2542 auspicium
1178 2463 1374 2544 apostolicam

226 2554 464 2619 benedictionem
475 2556 541 2634 tibi,
556 2556 746 2620 dilectissime
761 2557 793 2618 in
806 2557 925 2619 Christo
937 2556 980 2619 lili
992 2564 1106 2635 noster,
1119 2566 1210 2637 atque
1227 2559 1374 2622 universe

227 2654 379 2718 electorali
392 2656 495 2718 domui
516 2662 575 2717 tue
591 2656 794 2719 amantissime
807 2655 1005 2738 impertimur.
1022 2658 1136 2718 Datum
1154 2657 1269 2730 Rornae,
1290 2661 1374 2737 opud
1491 2668 1493 2672 ’

226 2752 369 2814 Sanctam
383 2754 514 2814 iterium
533 2754 678 2832 Majorem
695 2755 748 2815 rub
761 2755 883 2815 Annulo
900 2754 1077 2825 Piscatores,
1092 2755 1141 2815 die
1162 2765 1179 2815 t
1200 2756 1374 2833 septembris

230 2854 316 2922 itta,
330 2851 523 2927 pontificante
534 2851 630 2910 nostri
642 2851 852 2927 computato.

698 3075 898 3149 ccxxxvi

491 3233 658 3279 erurssrrro
679 3230 714 3276 aa
733 3232 866 3277 currsro
885 3233 966 3276 runo
988 3232 1107 3277 noerae

333 3341 530 3407 Lunnvlco
550 3344 791 3408 FRANGORUM
810 3342 903 3406 REGI
923 3339 1264 3407 cuutsrtmtestato

502 3471 767 3551 CLEMENS
801 3470 936 3547 ΡΑΡΑ
971 3462 1085 3545 XIV.

920 3621 1018 3679 Rome,
1032 3625 1048 3668 a
1063 3616 1210 3680 ammeta
1223 3621 1288 3668 utta.

268 3729 439 3797 Cartaaime,
459 3735 515 3789 etc.
532 3727 636 3789 Aderit
647 3726 714 3789 istic
732 3741 803 3788 cnm
816 3723 901 3787 hisne
912 3724 1022 3787 nostris
1036 3723 1075 3785 ad
1087 3722 1210 3803 Regiam
1224 3723 1368 3802 Maiesta-

225 3827 285 3886 tem
294 3825 391 3886 i'uam
400 3823 505 3886 litteris
515 3823 699 3886 Venerabilis
709 3822 815 3884 Frater
825 3820 974 3904 tosepbns
995 3820 1247 3902 Archiepiacopus
1260 3821 1368 3882 §deu-

224 3919 276 3982 cie
287 3920 335 3981 cui
345 3919 488 3982 eximium
501 3919 595 3982 nostri
607 3926 638 3982 et
651 3919 741 4000 hujus
753 3919 869 3982 Sancte
881 3918 965 3981 Sedis
977 3918 1058 4000 opud
1072 3923 1102 3980 te
1113 3916 1258 3980 orbitani
1270 3917 1365 3978 mutii

225 4032 334 4076 munus
354 4016 563 4096 imposuimus.
588 4021 686 4098 Atque
708 4016 872 4098 inquinem
891 4034 952 4098 qua
966 4016 1059 4078 animi
1076 4014 1248 4097 praestatuta
1267 4014 1366 4075 situel

223 4134 258 4175 er
280 4115 345 4193 ejus
366 4112 506 4194 singulari
525 4114 556 4176 in
569 4133 691 4177 omnem
712 4112 911 4178 Borbonioam
929 4117 1059 4178 Domm
1077 4109 1268 4175 observnrtia
1280 4108 1366 4170 tacite

223 4230 394 4291 cognosces.
412 4211 555 4275 Preterea
566 4214 700 4295 preclari
715 4214 762 4276 sui
775 4214 891 4296 geneis
899 4214 1089 4294 nominisque
1102 4209 1292 4292 spendoreru
1305 4209 1366 4271 nri-

223 4310 304 4370 uime
315 4310 506 4391 ambigimus,
516 4312 588 4393 quin
596 4310 710 4394 pictate
721 4359 729 4390 ,
740 4329 861 4374 morum
870 4312 1049 4392 integritate,
1058 4306 1361 4387 ingeminenrlorere-

223 4426 350 4488 rumque
360 4406 898 4490 agendarumdexteritateennatums
909 4409 948 4470 sit
957 4408 1004 4468 ve}
1012 4405 1103 4467 etiem
1115 4403 1361 4486 amplitiuaturns.

222 4503 334 4579 Quibus
352 4510 432 4567 certe
458 4502 618 4568 virtutibus
647 4505 670 4568 si
691 4505 839 4584 Maiestati
863 4505 934 4566 'lun
954 4501 1131 4581 amalarici,
1154 4501 1282 4566 widem
1302 4505 1363 4566 Noa
