3194 5354
478 520 660 575 crismon
679 520 723 574 aa
740 519 875 573 aaavra
894 517 1126 574 smannens.
1361 527 1375 576 r
1462 509 1468 522 “

231 633 384 706 praestare,
398 625 494 705 iisque
505 624 769 687 exercitationibus
783 624 925 687 interesse
936 641 997 687 non
1010 624 1132 704 poterit,
1142 631 1172 687 et
1184 627 1293 706 quibus
1305 646 1375 689 con

230 721 338 785 iratres
351 722 513 800 intersunt,
525 728 557 784 et
571 741 639 804 quse
653 729 794 804 prestare
804 723 917 799 solent,
932 720 1060 785 recitans
1076 722 1224 789 rosarium
1242 725 1375 805 quinque

229 819 378 884 decadum
395 819 574 882 beatissime
594 820 722 900 Virginis
735 819 851 896 Maria,
866 825 896 881 et
913 818 987 884 illud
1004 837 1061 900 pro
1085 819 1192 898 majori
1205 819 1297 885 divini
1316 821 1375 883 bo-
1432 876 1435 884 i

230 917 310 978 noris
319 918 412 994 cultu,
425 923 536 979 sanctu
547 918 652 980 matris
661 916 794 980 ecclesia
802 915 996 992 exaltatione,
1004 915 1153 985 haeresum
1163 916 1373 998 extirpatione,

230 1014 461 1076 christianorum
481 1015 651 1096 principum
668 1013 844 1089 concordia,
866 1019 896 1074 et
917 1011 1083 1075 sodalitatis
1102 1019 1208 1076 vestrae
1224 1013 1254 1076 in
1277 1016 1375 1078 ciuis-

229 1111 316 1173 tinnis
335 1111 494 1173 virtutibus
517 1112 701 1174 incremento
716 1111 869 1192 applicans
886 1109 1024 1188 easdem,
1045 1129 1121 1191 quas
1139 1110 1303 1173 confratres
1326 1103 1375 1173 luss

228 1215 361 1287 crantor,
392 1209 609 1289 indulgentias,
632 1214 827 1290 peccatorum
853 1206 1058 1282 remissiones,
1082 1225 1298 1288 poenarumque
1322 1228 1374 1271 re-

229 1305 395 1368 laxationes
418 1306 526 1368 lucrari
549 1312 579 1367 et
601 1305 742 1384 consequi
767 1303 872 1384 possit.
897 1303 1017 1364 Interim
1039 1304 1076 1386 ad
1096 1306 1223 1367 coelestis
1244 1307 1373 1387 praesidii

227 1403 411 1483 auspicium,
421 1410 451 1464 et
469 1402 607 1465 studiosa
617 1406 726 1463 nodrae
741 1417 812 1480 erga
827 1417 880 1461 vos
892 1399 1052 1461 voluntatis
1063 1401 1171 1481 pignus
1184 1403 1373 1482 adjungimus

229 1499 424 1577 apostolicam
451 1498 689 1561 benedictionem
720 1514 813 1578 quam
844 1495 928 1558 vobis
956 1504 1145 1578 peramanter·
1171 1499 1370 1579 impertimur.

228 1596 339 1657 Datum
350 1598 458 1669 arma,
469 1605 541 1674 ato,
552 1598 602 1659 die
616 1599 746 1674 tojaoii
760 1607 846 1670 1769,
858 1597 1050 1672 pontificatus
1063 1601 1158 1656 nostri
1172 1615 1252 1658 anno
1259 1603 1369 1676 primo.

710 1746 893 1756 ----...

771 1854 841 1924 Vll.

566 2029 693 2070 orancro
718 2030 800 2071 risio
823 2031 932 2072 noorai
956 2033 1028 2072 vino

358 2139 554 2201 LUDOVlCO
575 2141 748 2203 EUGENIO
768 2144 860 2205 DUCI
884 2146 1240 2209 WlRTEMBERGENSl

529 2272 763 2353 CLEMENS
792 2278 920 2354 ΡΑΡΑ
949 2275 1056 2353 XIV.

1039 2437 1133 2494 Romu,
1148 2439 1157 2485 t
1171 2432 1224 2494 iulii
1239 2435 1307 2482 llos.

262 2540 381 2601 Dilecta
392 2544 455 2602 Fili
469 2543 577 2605 nobilis
595 2547 865 2618 canotasenus.
884 2550 986 2630 Neque
999 2546 1154 2625 uberiora,
1165 2564 1263 2626 nequo
1278 2546 1370 2607 Nobis

224 2636 341 2700 cariora
352 2639 413 2701 ulla
423 2659 495 2720 erga
504 2642 564 2704 Nos
574 2640 675 2705 officia
686 2662 752 2707 esse
766 2635 903 2727 possunt,
913 2666 1005 2729 quam
1018 2665 1086 2727 quae
1100 2645 1221 2707 fuerunt
1235 2644 1371 2710 anobili-

224 2742 287 2796 tate
301 2741 353 2796 lua
366 2735 406 2799 ob
417 2743 551 2801 nostrum
564 2738 602 2800 ad
614 2739 774 2805 Summum
783 2742 994 2807 Pontificatum
1007 2743 1195 2806 evectionem
1206 2741 1370 2803 Nobiscum

224 2832 460 2895 luculentissime
478 2843 610 2914 peracta.
623 2837 741 2901 Litteris
755 2839 836 2901 enim
846 2840 990 2920 singulari
1008 2841 1039 2901 in
1054 2842 1115 2902 Nos
1130 2839 1242 2921 pietate
1256 2838 1371 2900 refertis

224 2935 340 2991 tantam
352 2931 460 2993 latitia
470 2937 580 2993 nostrae
590 2951 683 2995 causa
694 2954 712 2996 a
723 2941 752 2996 te
764 2943 909 3016 susceptae
920 2937 996 3013 virn,
1010 2955 1046 2998 ao
1059 2943 1121 2998 tarn
1135 2934 1246 3015 apertis
1259 2933 1370 2995 inditiis

224 3023 370 3101 declaras,
387 3033 421 3095 ut
430 3045 606 3106 expressam
623 3029 691 3089 inde
702 3029 853 3109 possimus
867 3031 1064 3094 amantissimi
1075 3031 1182 3101 nostri,
1198 3037 1287 3110 atque
1300 3049 1371 3111 erga

224 3120 302 3182 bane
315 3121 345 3181 S.
365 3119 472 3183 Ssdem
485 3120 740 3185 observantissimi
753 3123 845 3187 animi
865 3123 908 3187 tui
921 3123 1051 3203 effigiem
1070 3125 1234 3188 clarissime
1248 3126 1368 3190 intueri,

223 3219 256 3278 ln
272 3235 310 3279 eo
320 3237 393 3281 uero
404 3219 570 3298 prasertim
584 3218 683 3281 studia
696 3220 726 3280 in
739 3221 801 3281 Nos
817 3226 869 3282 tua
887 3221 1095 3300 agnoscimus,
1109 3221 1192 3302 quod
1205 3221 1236 3283 in
1251 3224 1370 3301 gravis-

221 3318 297 3381 simo
309 3318 441 3397 gerendo
450 3335 586 3395 munere,
599 3319 648 3379 cui
661 3318 792 3401 impares
805 3319 929 3380 omuino
942 3336 1058 3398 sumus,
1069 3319 1130 3381 tuis
1140 3319 1179 3382 ad
1193 3321 1289 3383 Deum
1304 3340 1370 3402 pre-

222 3417 307 3479 cibus
322 3416 462 3495 adjuues,
476 3437 511 3481 ac
526 3418 563 3480 ad
577 3437 771 3481 communm
784 3417 924 3480 Ecclesiae
936 3417 1095 3481 utilitatem
1106 3417 1212 3483 faustis
1231 3421 1370 3503 auspiciis

223 3515 422 3595 prosequaris.
438 3517 535 3590 Quare
550 3516 588 3581 de
600 3516 657 3580 bac
668 3515 789 3596 egregia
808 3523 860 3579 tua
882 3515 911 3576 in
925 3517 987 3579 Nos
999 3517 1152 3578 voluntate
1175 3515 1301 3578 mirifice
1317 3518 1369 3579 la-

223 3622 334 3690 tamur,
345 3620 375 3677 et
390 3615 532 3694 peculiari
544 3615 759 3679 macilentia
772 3634 859 3677 sensu
873 3615 928 3677 bas
945 3614 1056 3677 amoris
1071 3614 1302 3693 significationes
1314 3636 1369 3677 ex-

222 3711 367 3791 cipimus,
391 3719 480 3791 atque
501 3712 575 3777 illud
597 3712 725 3776 invicem
745 3713 922 3794 profitemur
937 3713 984 3775 bis
997 3711 1090 3775 officii
1111 3732 1146 3774 oc
1169 3711 1288 3795 pietatis
1311 3721 1368 3775 luar

223 3809 359 3886 partibus
373 3828 480 3890 parem
494 3810 653 3891 pontificiae
667 3811 698 3875 in
717 3817 746 3873 to
763 3811 896 3873 caritatis
908 3829 973 3875 esse
984 3810 1235 3890 magnitudinem,
1249 3811 1368 3890 Nosque

222 3904 294 3966 nibil
308 3912 465 3987 tantopere
483 3925 611 3986 cupere,
624 3926 717 3987 quam
739 3915 774 3969 ut
794 3907 1034 3988 opportunitates
1052 3908 1279 3991 suppeditentur
1294 3927 1369 3987 pro-

221 4004 387 4085 pensissimi
403 4005 493 4068 animi
509 4005 538 4067 in
557 4012 586 4064 te
607 4004 700 4067 nostri
715 4003 899 4066 declarandi.
919 4007 1069 4078 Quantum
1084 4005 1164 4066 enirn
1185 4012 1215 4065 te
1235 4004 1274 4064 ob
1288 4024 1368 4083 praa-

221 4102 338 4165 clarum
358 4109 443 4164 tuum
458 4103 488 4165 in
503 4103 683 4166 catholicam
699 4102 862 4164 Ecclesiam
874 4102 1069 4183 obsequium,
1084 4109 1173 4183 atque
1193 4101 1233 4162 ob
1253 4109 1368 4164 ceteras

223 4200 346 4262 eximias
360 4200 450 4264 animi
461 4200 547 4263 dotes
557 4199 733 4278 diligamus,
745 4200 909 4281 quantique
924 4199 1004 4280 apud
1015 4203 1075 4262 Nos
1086 4200 1122 4260 sit
1141 4207 1193 4258 tua
1205 4215 1241 4261 ac
1251 4202 1367 4278 generis

224 4296 278 4370 tui,
298 4302 415 4377 tuaeque
439 4297 546 4358 inclitae
566 4297 674 4358 domus
698 4297 875 4377 amplitudo,
894 4298 992 4378 reipsa
1011 4296 1126 4375 egregio
1150 4295 1277 4376 poteris,
1297 4316 1367 4357 cum

224 4399 355 4470 paterna
374 4402 482 4454 nostrae
499 4395 710 4456 benevolentia¹
730 4413 822 4475 opera
834 4397 876 4456 uti
896 4396 990 4469 voles,
1007 4411 1198 4471 cognoscere.
1215 4394 1366 4473 Siquidem

225 4486 298 4549 nibil
309 4495 406 4568 potest
417 4509 433 4550 a
444 4498 528 4569 patre
539 4491 745 4551 amantissimo
757 4491 785 4551 in
798 4489 1097 4570 obsequentissimum
1112 4490 1205 4551 lilium
1219 4490 1365 4569 proficisci
