3194 5354
305 491 357 543 tm
691 541 694 546 ,
732 481 937 539 abeamus
954 481 1020 535 XIV

305 608 365 658 uon
380 588 471 650 modo
480 588 556 649 inter
565 587 686 663 Socios,
699 585 905 659 verumetiam
916 604 986 647 cum
998 583 1063 647 aliis
1075 581 1262 664 regularibus
1270 583 1454 663 Ordinibus,

298 687 389 748 fitero
405 685 553 762 seculari,
565 683 734 747 Academiis
742 729 751 761 ,
765 682 1015 746 Universitatibus
1023 728 1033 761 ,
1043 682 1171 764 publicis
1182 681 1350 744 litterarum
1360 685 1456 765 Gym-

302 781 410 858 nasiis,
423 789 454 844 ct
468 801 539 848 curn
552 782 625 863 ipsis
633 782 726 844 etiam
740 779 941 862 Principibus,
955 797 1085 860 quorum
1097 779 1127 840 in
1138 779 1304 843 ditionibus
1317 781 1456 845 Societas

298 877 400 940 iuerat
421 886 564 960 excepta,
585 877 766 958 easdemque
783 877 1010 956 contentiones,
1025 885 1057 941 et
1073 878 1197 941 dissidia
1211 879 1342 942 excitata
1356 881 1456 944 modo

302 974 395 1039 tuisse
407 976 445 1039 de
456 984 596 1040 votorum
610 976 727 1055 indole,
739 981 770 1037 et
780 982 909 1053 natura,
926 974 964 1038 de
977 981 1113 1057 ternpore
1128 975 1385 1040 admittendorum
1398 979 1455 1040 So-

302 1073 420 1145 ciorum
432 1073 471 1136 ad
485 1079 570 1151 vota,
588 1073 626 1136 de
639 1074 782 1139 facultate
796 1074 901 1137 Socios
913 1073 1101 1155 expellendi,
1116 1073 1154 1136 da
1173 1073 1280 1136 iisdem
1297 1074 1395 1137 Sociis
1411 1076 1455 1138 ad
1567 1071 1571 1080 '

301 1189 403 1234 sacros
424 1171 543 1236 ordines
562 1171 774 1254 promovendis
787 1172 851 1236 sine
872 1191 1020 1253 congrua,
1040 1191 1076 1234 ac
1092 1172 1156 1234 sine
1171 1171 1248 1235 rotis
1265 1172 1454 1234 aulenuribus

301 1275 407 1331 contra
418 1269 541 1332 Concilii
562 1269 727 1332 Tridentini
740 1316 749 1347 ,
764 1288 800 1331 ac
813 1276 923 1331 sancte
935 1270 1088 1333 memoria
1107 1269 1151 1330 Pii
1173 1270 1262 1350 Papae
1275 1272 1313 1330 V.
1328 1269 1453 1332 Parade-

301 1367 428 1431 cessoris
441 1366 536 1429 nostri
547 1367 668 1430 decreta
675 1391 685 1443 ;
695 1365 788 1428 modo
797 1365 836 1427 da
847 1365 984 1430 absoluta
992 1371 1156 1447 potestate,
1166 1385 1259 1446 quarn
1269 1367 1453 1447 Praepositus

300 1463 447 1541 generalia
460 1465 595 1543 ejusdem
607 1464 765 1527 Societatis
778 1462 835 1526 sibi
849 1461 1038 1540 vindicabat,
1054 1483 1089 1526 ac
1103 1463 1141 1526 de
1161 1464 1226 1526 aliis
1248 1464 1339 1526 rebus
1355 1465 1454 1545 ipsius

301 1561 458 1624 Societatis
471 1562 604 1642 regimen
618 1560 839 1643 spectantibus;
860 1559 953 1622 modo
973 1558 1012 1622 de
1025 1561 1115 1623 variis
1128 1559 1270 1622 doctrine
1281 1561 1451 1640 capitibus,

301 1654 340 1719 de
353 1657 480 1734 scholis,
494 1658 532 1719 de
542 1658 800 1739 exemptionibus,
811 1663 844 1720 et
854 1657 1030 1739 privilegiis,
1042 1677 1111 1738 quaa
1122 1660 1271 1721 locorum
1281 1658 1451 1737 Ordinarii,

302 1753 423 1835 aliaque
445 1773 577 1834 persone
596 1755 626 1816 iu
647 1755 872 1826 Ecclesiastico,
894 1754 940 1816 rei
959 1756 1093 1820 saeculari
1114 1755 1259 1835 dignitate
1278 1756 1452 1819 arnstitutae

300 1869 362 1912 sua
373 1851 464 1913 noxia
473 1870 538 1914 esse
549 1852 764 1930 iurisdictioni,
779 1871 815 1914 ac
823 1853 942 1931 iuribus
953 1853 1190 1931 contendebant;
1204 1873 1241 1916 ac
1253 1854 1376 1916 demum
1390 1857 1451 1917 mi·

300 1946 381 2008 nime
395 1946 557 2009 defuerunt
569 1949 751 2030 gravissime
763 1949 971 2011 accusationes
984 1949 1097 2013 eisdem
1111 1951 1206 2013 Sociis
1221 1951 1362 2030 objecto,
1380 1972 1452 2033 quas

298 2044 474 2108 Christiana
493 2045 673 2128 Reipublicc
686 2065 811 2129 pacem,
825 2066 861 2109 ac
872 2045 1118 2127 tranquillitatem
1128 2066 1189 2111 non
1202 2066 1311 2130 parum
1323 2055 1453 2130 pertur-

300 2140 421 2207 barunt.

343 2251 389 2302 te.
406 2241 506 2304 Multa
516 2240 587 2304 hino
606 2249 678 2308 orta
698 2242 841 2306 adversus
859 2242 1041 2307 Societatem
1056 2243 1267 2324 querimonia,
1288 2263 1353 2324 qum
1367 2263 1452 2326 non-

300 2337 451 2400 nullorum
462 2339 555 2404 etiam
565 2340 737 2422 Principum
745 2341 924 2404 auctoritate
933 2341 1054 2404 munite
1063 2359 1099 2404 ae
1106 2342 1301 2404 relationibus
1308 2340 1347 2403 ad
1353 2343 1449 2405 recol.

300 2435 453 2497 memorie
467 2437 594 2499 Paulum
609 2439 661 2515 IV,
676 2437 764 2501 Pium
776 2441 822 2516 ,V,
837 2445 869 2502 et
883 2440 1001 2503 Sixtum
1015 2442 1053 2517 V,
1072 2439 1307 2502 Prndecessores
1327 2447 1451 2506 nostros

299 2529 404 2593 delatae
415 2531 546 2595 fuerumt.
561 2537 595 2595 lu
608 2535 655 2596 bis
666 2534 724 2596 ruit
737 2537 825 2598 clara
839 2537 991 2601 memoria
1004 2535 1159 2617 Philippus
1174 2538 1212 2613 11,
1234 2536 1449 2616 Hispaniarum

300 2627 363 2687 Rex
375 2628 559 2706 Catholicus,
573 2631 625 2709 qui
637 2637 703 2693 turn
715 2633 921 2712 gravissimas,
932 2633 1043 2714 quibus
1052 2633 1102 2695 ille
1112 2632 1299 2694 vehementer
1311 2632 1448 2712 impetie-

300 2722 388 2785 batur
407 2726 555 2804 rationes,
571 2728 743 2790 tumetium
756 2748 823 2806 eos,
844 2749 921 2809 quos
933 2731 972 2793 ab
983 2729 1197 2810 Hispaniarum
1215 2728 1449 2808 Inquisitoribus

299 2819 443 2883 adversus
454 2821 652 2886 immoderata
663 2824 819 2888 Societatis
830 2826 1000 2908 privilegia,
1012 2846 1048 2889 ac
1059 2825 1211 2906 regiminis
1220 2824 1350 2887 formam
1362 2845 1450 2891 arce·

300 2926 387 3000 perat
399 2920 546 2983 clamores
566 2928 598 2984 et
618 2923 845 2991 contantionum
865 2924 966 3006 capita
989 2943 1008 2986 a
1029 2922 1180 2986 nonnullis
1200 2923 1335 3002 ejusdem
1351 2925 1450 2988 etiam

300 3014 456 3079 societatis
471 3015 543 3078 viris
556 3015 709 3094 doctrina,
728 3025 759 3081 et
777 3020 890 3099 pietata
901 3019 1127 3100 spectatissimis
1141 3019 1336 3098 confirmata,
1348 3020 1450 3084 eidem

247 3104 249 3110 ’
300 3110 383 3175 Sixto
395 3113 433 3171 V.
450 3111 662 3186 Prndecessori
678 3115 856 3196 exponenda
866 3115 1000 3193 curavit,
1011 3115 1093 3197 apud
1103 3116 1305 3197 eumdemque
1314 3117 1396 3196 egit,
1414 3127 1450 3181 ut

300 3210 506 3290 Apostolicam
515 3211 671 3274 Societatis
682 3212 884 3274 visitationem
897 3212 1088 3290 decerneret,
1100 3220 1191 3293 atque
1201 3213 1413 3277 committeret.

343 3319 389 3368 ra.
408 3310 503 3388 {psius
511 3308 639 3390 Philippi
650 3309 738 3389 Regis
752 3308 963 3389 petitionibus,
975 3317 1006 3371 et
1019 3308 1143 3385 studiis,
1155 3311 1448 3390 quasummaiuniti

298 3405 437 3487 equitate
451 3404 716 3483 animadverterat,
729 3406 834 3469 anuuit
846 3406 926 3469 idern
938 3408 1038 3470 Sixtus
1050 3407 1263 3485 Prudercssor,
1278 3407 1449 3490 delegitque
1548 3488 1552 3495 .

300 3503 339 3567 ad
363 3503 526 3585 Apostolici
551 3504 722 3567 visitatoris
744 3523 855 3567 munus
877 3505 1060 3587 Episcopum
1082 3504 1258 3586 prudentia,
1284 3504 1395 3568 virtute
1415 3516 1447 3569 et

300 3601 437 3664 doctrina
451 3601 591 3664 omnibus
604 3601 947 3679 commendatissimum,
967 3621 1002 3663 ae
1021 3607 1166 3683 praeterea
1184 3601 1447 3682 congregationem

297 3699 465 3779 designavit
477 3701 691 3764 nonnullorum
706 3703 736 3761 S.
754 3702 789 3762 R.
806 3703 840 3760 E.
861 3699 1062 3763 Gurdinalium
1072 3717 1082 3778 ,¹
1092 3700 1145 3781 qui
1162 3701 1190 3762 ei
1206 3700 1249 3762 rei
1261 3698 1450 3780 perficiendae

300 3796 436 3859 sedulam
452 3806 596 3860 navarent
617 3817 751 3880 operam.
766 3800 879 3860 Verum
898 3797 980 3861 dicto
999 3792 1082 3860 Sixto
1101 3801 1138 3859 V.
1157 3798 1375 3861 Praedecessnre
1391 3797 1450 3864 im·
1574 3868 1579 3879 ,

300 3899 421 3957 matura
440 3899 536 3955 morte
549 3901 717 3975 prerepto,
732 3894 964 3957 saluberrimum
984 3896 1023 3956 ab
1042 3913 1081 3958 eo
1094 3904 1266 3977 susceptum
1286 3896 1449 3959 consilium

249 4020 253 4028 ’
299 3990 436 4067 evanuit,
455 3989 595 4069 omnique
612 3993 709 4054 caruit
721 3992 841 4054 eiieatu.
865 3993 911 4055 Ad
934 4012 1109 4075 supremum
1130 4002 1232 4056 autem
1252 3993 1450 4074 Apostolatus

301 4087 418 4169 apicem
430 4093 601 4168 assumptus
611 4088 705 4150 salicis
717 4089 931 4152 recordationis
942 4091 1101 4170 Gregorius
1108 4092 1166 4152 PP.
1179 4093 1246 4153 XIV
1257 4109 1391 4173 persnas
1401 4091 1451 4152 lit-

295 4190 379 4255 ,taras
393 4185 450 4247 sub
468 4185 594 4266 plumbo
616 4198 645 4248 4.
667 4184 728 4248 kal.
748 4185 815 4263 julii
835 4204 914 4249 anno
935 4187 1095 4251 Dominica
1119 4187 1336 4250 iucarnationis
1357 4200 1449 4252 1⁵91.

300 4281 629 4359 expeditas‚Societatis
640 4284 811 4347 institutum
824 4284 1005 4366 amplissime
1014 4286 1122 4348 iterum
1133 4285 1312 4367 approbavit
1322 4292 1452 4366 rataque

300 4373 405 4438 haberi
421 4378 526 4456 jussit,
542 4400 578 4442 aa
594 4382 680 4443 tirma
698 4381 850 4463 privilegia
864 4400 1058 4463 quaecumque
1077 4382 1177 4446 eidem
1191 4382 1330 4447 Societati
1349 4401 1368 4444 a
1387 4384 1452 4444 suis

301 4467 571 4548 Prmdecessoribus
585 4478 693 4539 coliata
699 4501 708 4555 5
719 4484 749 4540 et
761 4477 833 4540 illud
845 4496 904 4557 prae
918 4477 1034 4556 ceteris,
1050 4498 1111 4559 quo
1125 4485 1247 4543 cautum
1260 4479 1369 4555 suerat,
1386 4485 1452 4543 uta
