3194 5354
376 523 558 578 lIPlSTOLAE
577 521 621 574 ET
638 521 771 574 BREi'ih
791 518 1023 574 selectiora.
1222 525 1274 575 193

429 867 558 906 lillAEC'iO
583 865 668 906 teleto
694 864 857 906 caelatorio
880 862 972 911 i'ttt0,

370 1032 373 1037 ,
518 962 706 1022 helmstad
727 962 872 1021 strum
919 962 921 966 '

257 1079 407 1128 caururs
424 1079 553 1126 saucrr
576 1076 778 1126 rnnucrscr
800 1072 1141 1130 reconnrcronuat,

435 1183 669 1263 CLEMENS
697 1185 825 1261 PAPA
853 1184 960 1262 XIV.

835 1333 930 1390 Romae,
948 1335 975 1380 11
989 1331 1124 1381 decembris
1142 1333 1210 1379 1771.

148 1440 297 1510 dilecte,
312 1447 370 1500 etc.
390 1439 513 1500 Mirifice
527 1437 730 1518 comprobasti
745 1435 838 1497 Nobis
854 1434 954 1496 studia
973 1442 1026 1496 tua
1046 1454 1082 1496 eo
1101 1435 1251 1497 volumine
1264 1417 1278 1511 ,⁴

123 1536 206 1616 quod
219 1554 315 1618 nuper
327 1543 386 1597 ate
399 1535 513 1597 editum
526 1540 633 1595 contra
643 1530 812 1614 perniciosa
822 1531 1024 1613 quorumdam
1038 1532 1199 1613 scriptaad
1212 1533 1274 1594 Nos

125 1651 270 1696 unacum
286 1633 379 1695 literis
390 1632 586 1696 observantia
601 1651 672 1711 erga
685 1631 765 1693 hanc
783 1633 925 1693 Sanctam
940 1631 1064 1708 Sedem,
1082 1649 1118 1692 ac
1128 1628 1197 1692 lidei
1212 1631 1275 1712 ple

124 1733 253 1795 nissimis
267 1732 469 1795 transmisisti.
482 1730 656 1794 Jucundum
668 1747 739 1791 saue
752 1729 845 1791 Nobis
857 1728 914 1790 luit
930 1729 1012 1791 omni
1026 1735 1057 1790 te
1071 1728 1169 1790 adhuc
1182 1746 1274 1809 opera

124 1837 154 1890 et
169 1830 271 1892 labore
283 1828 481 1908 contendere,
493 1828 649 1910 quodiam
661 1827 777 1909 pridem
791 1827 964 1909 inceperas,
979 1833 1013 1888 ut
1026 1827 1078 1889 Dei
1089 1825 1272 1893 Ecclesiam,

125 1943 160 1986 uc
182 1927 266 1988 Beati
281 1927 360 1988 Petri
378 1926 557 1988 cathedram
578 1945 597 1986 a
614 1925 784 1986 recentibus
800 1924 1021 1986 adversantium
1036 1923 1274 2004 aggressionibus

125 2020 299 2083 vindicares.
319 2020 434 2083 idcirco
452 2027 482 2082 et
496 2021 573 2082 bene
587 2026 618 2081 te
629 2019 666 2081 de
678 2020 771 2082 Nobis
784 2019 892 2084 mereri
906 2023 986 2090 ultro
1006 2021 1146 2099 fatemur,
1162 2029 1192 2083 et
1208 2023 1274 2102 pari

123 2134 216 2195 quam
232 2136 275 2178 sa.
289 2136 349 2178 me.
370 2118 506 2178 Clemens
524 2118 592 2178 xm
606 2116 808 2179 Predecessor
821 2125 924 2180 noster
937 2120 1001 2196 jam
1017 2117 1133 2198 pridem
1148 2124 1275 2178 testatus

123 2218 185 2289 est,
202 2221 328 2293 paterna
343 2223 372 2275 te
387 2215 594 2277 benevolentia
616 2204 859 2297 complectimur3
877 2215 1147 2279 luculentissimum
1162 2214 1275 2275 scilicet

124 2317 262 2370 nostrum
280 2310 415 2372 animum
429 2312 498 2388 tibi,
513 2312 620 2373 dilecte
634 2311 675 2372 iili
697 2313 833 2393 religiose
847 2313 903 2391 vir,
918 2321 948 2375 et
961 2313 1150 2374 declaramus
1170 2317 1200 2373 et
1220 2331 1274 2372 ex-

124 2406 273 2468 hibemus.
292 2411 390 2489 Atque
406 2416 439 2470 ut
457 2408 558 2472 divina
571 2427 629 2490 ope
649 2409 760 2471 certius
774 2411 827 2472 niti
843 2411 880 2472 ad
895 2411 1132 2492 promovendam
1149 2411 1201 2471 Dei
1212 2410 1275 2488 glo-

125 2504 219 2582 riam,
241 2507 439 2587 Ecclesiaeque
452 2507 611 2568 utilitatem
626 2507 738 2587 possis,
751 2509 879 2570 coelestis
889 2507 1106 2570 benedictionis
1121 2507 1274 2588 auspicem

126 2603 321 2684 apostolicam
335 2605 575 2667 benedictionem
589 2606 659 2682 tibi,
675 2604 783 2667 dilecte
796 2605 838 2665 iili
854 2605 989 2685 religiose
1003 2606 1063 2681 vir,
1084 2610 1276 2684 peramanter
1345 2663 1348 2668 Α

123 2701 322 2782 impertimur.
340 2706 449 2766 Datum
467 2705 583 2774 Rerum,
600 2710 668 2775 etc,
682 2705 730 2763 die
747 2717 779 2764 11
796 2705 960 2764 decembris
980 2716 1067 2781 itit,
1081 2707 1275 2781 pontificatus

125 2805 219 2859 nostre
229 2819 309 2860 anno
322 2806 421 2861 tertio.

631 2913 792 2924 ..ιη-

628 3009 768 3076 CLXXl.
830 3043 840 3058 ·

595 3167 727 3207 11111110
750 3165 835 3205 rimo

237 3266 449 3324 MALAClliAE
469 3264 729 3331 reuiseuchffi,
752 3263 962 3320 snceubort
986 3261 1166 3341 Annene,

429 3377 661 3453 elnothus
690 3377 818 3454 ΡΑΡΑ
847 3377 951 3453 xiv,

837 3531 934 3587 Rome,
949 3533 976 3578 tt
991 3528 1126 3577 decembris
1144 3531 1209 3578 1771.

165 3637 283 3696 bilertc
296 3619 311 3704 ,”
324 3643 377 3695 etc.
400 3634 539 3696 Libenter
562 3634 776 3713 intelleximus,
790 3636 898 3697 dilecte
923 3634 981 3709 tili,
996 3653 1063 3714 que
1081 3633 1119 3695 ad
1140 3641 1275 3697 nostram

124 3732 203 3794 hauc
215 3734 476 3813 congregationem
487 3734 527 3796 de
544 3734 741 3814 Propegauda
754 3734 827 3797 Fide
838 3752 933 3814 nuper
945 3733 1086 3814 scripsisti
1102 3733 1139 3794 de
1151 3742 1277 3815 aposto*

126 3828 190 3890 licis
200 3829 353 3893 laboribus
364 3831 440 3907 tuis,
461 3851 538 3910 quos
557 3833 587 3892 in
600 3832 764 3894 excolenda
784 3832 872 3894 isthic
885 3832 973 3894 vinea
991 3832 1127 3910 Domini,
1148 3835 1210 3894 [leo
1226 3833 1277 3894 in-

125 3934 310 3988 crementum
329 3927 436 4003 dante,
452 3928 555 3989 sedula
570 3928 748 4008 assiduaque
759 3947 852 4010 opera
867 3928 1033 4010 impendis,
1052 3949 1088 3991 ec
1101 3930 1185 3992 deea
1196 3949 1276 4011 praa-

126 4020 229 4084 sertim
239 4022 385 4084 Fidelium
398 4026 541 4102 utilitate,
558 4045 653 4105 quam
665 4028 840 4092 universalis
857 4029 974 4092 lubilaei
992 4028 1081 4090 isthic
1093 4028 1277 4109 promulgati

126 4118 336 4199 opportunitas
350 4119 461 4184 intulit.
476 4126 599 4204 [leoque
612 4125 668 4207 ipsi
680 4134 842 4209 propterea
856 4127 1002 4209 plurimae
1016 4126 1131 4207 egimus
1144 4125 1274 4202 gratias,

126 4214 212 4290 cujus
228 4215 411 4294 benignitate
428 4218 544 4283 tructus
559 4224 736 4303 prodierunt
756 4225 921 4297 uberrimi,
936 4225 1051 4303 tibique
1072 4240 1124 4282 eas
1138 4220 1278 4285 dedimus

126 4311 243 4390 laudes,
253 4331 320 4394 qua
332 4316 452 4396 egregio
462 4321 591 4399 muneri,
603 4341 665 4402 quo
674 4323 815 4404 iungeris,
825 4324 984 4387 convenire
993 4319 1124 4382 maxime
1133 4319 1274 4398 debeam,

127 4429 198 4474 cum
209 4411 240 4473 in
252 4429 290 4474 eo
303 4416 470 4480 exercendo
480 4419 686 4499 evangelicum
699 4422 869 4483 animarum
888 4419 984 4480 zelum
991 4462 1000 4494 ,
1011 4435 1048 4479 ec
1059 4416 1091 4479 iu
1102 4417 1276 4501 proximum

125 4507 282 4570 caritatem
294 4527 364 4575 cum
371 4512 732 4596 pnrdentiadoctrinaque
741 4516 963 4579 constrinxeris.
972 4517 1160 4598 Quapropter
1169 4515 1277 4578 deesse

1136 4629 1168 4677 te
