3194 5354
383 517 569 574 EPlSTOLAE
583 518 630 574 ΕΤ
646 519 778 575 anatra
793 519 1026 577 snnncrlonn.
1227 528 1276 578 188

131 621 298 704 primende
319 620 517 685 Revocendus
536 627 643 685 contre
659 628 705 687 est
726 622 775 685 ille
799 630 900 686 noster
914 624 953 688 ad
972 626 1035 688 iure
1045 626 1222 704 descensus,
1241 645 1278 688 uo

130 716 347 800 desperationis
360 717 437 781 lines
448 716 591 797 neuen,
605 717 696 799 inque
709 736 802 815 spem
823 719 927 784 stetim
943 722 1076 785 conserti
1095 728 1185 805 utque
1206 722 1279 802 erigi

131 815 222 881 debet
234 813 372 893 unimus,
385 812 552 895 divineque
564 814 633 896 opis
649 816 858 897 expectatione
868 818 996 882 sustolli.
1008 819 1206 883 Ascendendo
1218 820 1279 882 itn·

130 931 191 995 que
214 911 483 993 descendendcque
512 911 655 977 fiduciam
674 913 799 991 timore,
825 913 970 993 mudum
990 915 1109 979 tristitia
1134 916 1179 979 im
1200 934 1280 996 quo-

131 1009 296 1075 dummodo
308 1009 546 1089 moderabimur,
560 1015 595 1073 ut
605 1010 670 1075 sols
681 1012 743 1075 Nos
757 1011 788 1076 in
801 1017 906 1077 nostru
922 1011 1091 1075 hunulitate
1103 1012 1206 1076 divine
1216 1031 1280 1076 sus·

133 1113 242 1185 tentet,
254 1125 323 1190 qun
335 1112 384 1169 est
403 1124 494 1187 super
508 1106 611 1171 omnic
622 1107 806 1188 operuejns,
820 1107 985 1172 miseratio.
1002 1107 1180 1173 Heclusius
1191 1107 1231 1170 ed
1250 1115 1280 1172 te

132 1203 353 1287 perscribimus,
366 1203 474 1267 dilecte
484 1202 644 1269 lilinobilis
654 1203 711 1279 vir,
725 1210 760 1269 ut
772 1221 915 1284 superem
925 1211 1023 1282 mum,
1036 1223 1129 1287 quem
1139 1206 1178 1271 de
1191 1212 1281 1270 ante-

133 1311 201 1369 acta
213 1303 276 1367 vite
285 1302 428 1386 percipis,
442 1300 558 1383 optima
575 1300 664 1378 fidei,
678 1301 800 1382 speique
817 1301 924 1365 divium
938 1302 1054 1366 ratione
1064 1309 1278 1387 temperemus.

132 1403 233 1485 Neque
243 1419 336 1484 porro
348 1401 380 1465 in
392 1418 430 1464 eo
443 1400 504 1465 Nos
518 1399 574 1463 tibi
586 1398 687 1479 reipse
696 1397 828 1463 defuturi
842 1415 959 1475 sumus,
971 1399 1055 1479 quod
1066 1418 1086 1463 n
1097 1399 1190 1462 Nobis
1201 1417 1282 1463 sum·

132 1525 257 1588 mopere
277 1505 394 1587 nuptu
410 1511 445 1572 nt
461 1505 594 1586 aliquam
614 1503 670 1569 tini
686 1522 744 1586 pro
763 1504 895 1585 peccatis
913 1503 1055 1566 luendam
1076 1505 1281 1586 penitentium

133 1603 369 1684 premribuuus.
384 1601 419 1665 id
431 1607 534 1667 tamen
546 1619 584 1664 eo
593 1606 685 1682 pacto
695 1601 898 1682 prrstrndmu
913 1615 979 1664 esse
993 1620 1011 1663 a
1023 1601 1115 1667 Nobis
1126 1609 1281 1684 putenm,

134 1705 238 1763 utnon
254 1698 354 1783 magis
369 1697 444 1776 tibi,
464 1714 558 1778 quum
576 1703 707 1778 peteme
721 1698 816 1762 etism
837 1705 945 1761 norme
965 1698 1002 1761 ds
1015 1706 1047 1762 te
1064 1700 1183 1764 ceritati
1197 1701 1283 1764 obse-

133 1813 273 1876 quamur.
297 1794 426 1860 Proinde
441 1793 474 1859 in
491 1795 552 1860 Noa
570 1794 653 1874 ipsos
671 1794 852 1876 suscipimus
866 1813 937 1872 ees,
951 1813 1029 1876 quus
1047 1797 1102 1859 tibi
1117 1797 1283 1879 imponere·

134 1912 217 1973 mus,
232 1893 417 1974 temporsles
430 1908 545 1974 meras,
560 1891 652 1972 idque
663 1909 750 1973 equo
771 1891 873 1955 auimo
895 1890 974 1954 ferre
991 1897 1023 1954 te
1039 1892 1197 1972 iubenum
1212 1911 1284 1955 cum

135 1992 261 2072 benigne
279 2009 317 2055 ec
326 1989 560 2058 misericorditer
569 1996 730 2070 exceptum
743 1989 780 2052 iri
796 1988 977 2052 srbitremnr
989 2007 1009 2051 s
1023 1991 1098 2067 Deo,
1109 1990 1162 2071 qui
1176 2009 1284 2072 paren·

135 2094 205 2166 tum,
217 2088 250 2150 iu
268 2087 347 2151 filios
359 2087 470 2168 pietate
488 2086 667 2162 delectatur,
687 2084 834 2167 quidquid
851 2102 1010 2167 poennrrun
1023 2104 1059 2148 ac
1071 2086 1285 2167 poenitentiae
1329 2157 1335 2180 ι

135 2185 228 2249 Nobis
239 2184 296 2251 erit
305 2202 363 2265 pm
376 2190 407 2248 te
420 2183 501 2248 ultro
517 2181 719 2247 subeundum.
734 2181 811 2249 Illud
822 2181 954 2247 vmotiln
967 2188 1076 2264 sponte
1087 2182 1285 2264 alacriterque
1328 2202 1332 2208 ·

135 2279 484 2362 imponimus,quodtoo
492 2278 667 2361 peninon,
679 2279 982 2361 Denmqueplecaudi
993 2279 1095 2344 animo
1104 2298 1141 2342 ec
1149 2279 1283 2342 fovendo
1326 2349 1330 2365 Α

136 2379 285 2460 religioni,
299 2379 465 2460 pietatique
487 2384 546 2446 tun
560 2377 692 2445 marine
706 2384 911 2460 oppcrmnum
924 2395 990 2441 esse
999 2376 1183 2456 iudicamus.
1203 2377 1283 2440 Aue·

135 2476 256 2541 turitete
266 2477 378 2545 seilicet
387 2475 554 2557 apostolice
566 2474 755 2554 indulgemus
769 2474 837 2553 tibi,
855 2481 887 2538 et
903 2474 1032 2555 benigne
1042 2474 1236 2537 concedimus
1249 2482 1284 2537 ut

135 2575 385 2657 quotiescunque
403 2575 560 2641 coutesms
577 2593 614 2641 ac
630 2593 716 2643 secra
736 2574 950 2640 oomrnnm'oue
966 2574 1106 2653 reiectus,
1129 2576 1285 2656 Deumque

137 2673 192 2739 rite
206 2681 347 2755 maestus
361 2674 464 2748 fueris,
479 2674 568 2741 toties
583 2673 751 2755 plenarism
764 2680 961 2755 peccatorum
978 2672 1194 2754 indulgentiam
1208 2691 1286 2736 eon-
1354 2667 1356 2671 ’

137 2770 221 2851 sequi
242 2771 403 2837 aclumeri
415 2771 525 2859 possis.
541 2773 638 2846 Quum
656 2770 846 2835 Pontiliciem
864 2769 1075 2834 liberalitatem
1096 2779 1231 2834 nnstmm
1246 2771 1286 2832 li-

136 2867 310 2931 bentissime
329 2869 423 2935 etiam
436 2869 627 2934 extendimus
639 2867 679 2930 ad
694 2867 836 2931 dilectem
857 2867 889 2928 in
905 2866 1024 2928 Christo
1037 2865 1133 2928 liliam
1152 2865 1286 2928 nobilem

136 2963 293 3025 mulierem
306 2965 457 3043 egregiam
471 2966 635 3043 conjugem
647 2969 732 3024 tuem
740 3007 749 3039 ,
759 2963 848 3040 eujus
859 2961 1012 3042 precibus,
1024 2963 1193 3043 eximioque
1207 2962 1244 3024 de
1255 2969 1286 3024 te

136 3056 237 3118 studio
257 3056 366 3119 debere
385 3065 416 3120 te
434 3066 504 3140 post
522 3063 617 3120 Deum
638 3059 720 3120 illam
741 3058 839 3140 ipsum
853 3057 944 3118 animi
954 3102 963 3134 ,
986 3057 1209 3139 voluntatisque
1228 3064 1286 3120 tue

136 3151 405 3215 commutationem
425 3152 584 3235 profiteris.
600 3155 676 3214 Eam
697 3150 808 3215 idcirco
819 3153 880 3213 Nos
892 3152 1034 3232 singulari
1047 3159 1150 3215 nostre
1163 3155 1287 3217 caritate

135 3248 359 3330 prosequimur,
381 3268 417 3313 sc
434 3250 576 3313 omnibus
596 3254 729 3332 peteme
741 3249 863 3330 pictam
877 3249 1052 3313 muneribus
1066 3251 1220 3313 cumulare
1235 3270 1286 3331 pa·

136 3345 194 3408 rati
208 3362 324 3407 sumus.
339 3347 442 3428 Neque
460 3343 569 3412 eedem
587 3344 802 3409 bmcvolentie
817 3351 926 3408 nostran
937 3345 1038 3409 fructu
1053 3348 1195 3428 pervides
1205 3365 1287 3413 nunc

139 3449 199 3503 tres
207 3441 284 3504 filias
295 3449 374 3522 tuas,
387 3446 508 3525 Deoque
520 3443 706 3525 gratissimas
717 3449 931 3525 expertesesse
942 3445 1080 3507 volumus
1092 3464 1194 3525 proeo
1205 3454 1287 3509 tem-

139 3558 223 3619 pore,
234 3558 296 3621 quo
310 3561 364 3622 per
374 3542 636 3604 humeuenature
646 3538 851 3603 conditionem
866 3540 1014 3620 ejusmodi
1025 3549 1220 3623 peccatorum
1232 3562 1287 3606 ve-

139 3636 188 3698 nia
199 3655 237 3699 ac
251 3638 425 3700 remissione
436 3637 623 3718 indigebunt.
641 3637 762 3701 Discunt
777 3655 819 3699 ere
830 3639 893 3717 jam
907 3655 988 3699 num
999 3638 1081 3700 illum
1096 3638 1126 3699 in
1145 3640 1207 3701 Nos
1220 3639 1287 3720 pie-

141 3742 249 3812 tatm,
265 3754 359 3818 quarn
372 3744 436 3803 lem
449 3735 566 3817 pmliso
585 3735 617 3796 iu
635 3734 716 3815 ipsos
735 3742 864 3816 paterno
878 3734 980 3796 enimc
992 3752 1212 3814 promeremur.
1227 3737 1287 3799 isli-

139 3831 437 3910 nimejsmdevobis
448 3831 644 3909 debitarum,
662 3830 737 3911 quin
753 3847 793 3892 eo
809 3830 876 3911 ipso
894 3829 961 3907 die,
975 3849 1037 3911 qum
1049 3832 1159 3894 celesti
1174 3832 1289 3915 pebulo

138 3926 262 3989 enutriti
274 3928 458 3995 arderrdores
470 3934 586 3994 vestm
597 3927 637 3992 ed
650 3930 746 3992 Deum
758 3927 902 4005 fundetis,
925 3946 961 3990 ac
974 3930 1159 4011 acceptiores
1168 3930 1226 4012 ipsi
1235 3931 1288 3992 lu-

140 4031 223 4087 turas
241 4041 361 4104 preces,
380 4026 531 4104 Ecclesia,
547 4045 614 4106 que
635 4045 688 4088 vos
707 4027 739 4088 in
760 4027 829 4089 sinu
845 4027 938 4107 gerit,
951 4046 991 4089 sc
1009 4029 1104 4090 nostri
1124 4028 1287 4109 presertim

139 4137 289 4183 memores
315 4121 392 4198 sitis,
415 4123 467 4203 qui
484 4122 595 4187 talibus
616 4124 733 4202 vestris,
754 4142 791 4187 so
811 4124 957 4187 Fidelium
977 4127 1113 4188 omnium
1131 4123 1286 4201 subsidiis,

139 4235 232 4294 quem
251 4236 330 4299 opus
354 4217 538 4297 hubemnus,
551 4221 692 4301 pruelrre
714 4223 779 4304 ipse
797 4223 945 4303 intelligis.
968 4224 1051 4285 Nosti
1064 4223 1163 4299 enim,
1178 4221 1288 4285 dilecte

141 4311 183 4373 lili
197 4314 305 4379 nobilis
318 4314 377 4390 vir,
389 4332 455 4399 que
466 4336 546 4381 nnnc
556 4364 565 4395 ,
576 4337 728 4400 quemque
745 4340 873 4402 operose
886 4322 916 4382 in
928 4323 989 4383 Nos
1005 4319 1161 4383 incumbet
1180 4320 1286 4395 moles,

140 4409 190 4470 (uri
202 4409 330 4479 larendn
340 4417 457 4476 lentum
468 4415 552 4477 abest
561 4421 595 4478 ut
605 4435 693 4496 pares
701 4436 767 4479 esse
780 4417 941 4499 possimus,
952 4423 985 4476 ut
996 4416 1069 4476 nihil
1078 4415 1184 4498 magis,
1194 4436 1287 4499 quem

140 4506 269 4584 consilii,
284 4514 374 4590 etque
384 4527 482 4592 opere
496 4518 604 4573 nostre
616 4511 793 4575 tenuitatem
805 4513 1069 4592 infirmitatemque
1080 4513 1285 4576 formidemus.
