3180 5354
311 485 364 535 atu
741 477 943 534 cbuuuutls
961 478 1026 532 xlv

308 583 509 646 Carmelituno
519 581 641 656 Ordine,
650 581 737 660 cujus
744 580 915 644 institutum
922 579 1463 661 profiteris,iupristimmsauotitatis

309 681 429 744 taudem
443 679 644 756 restituendo,
661 678 822 760 divinaque
834 677 961 759 proinde
982 676 1012 738 in
1028 695 1066 738 eo
1079 677 1293 758 amplificanda
1312 680 1409 759 gioria
1423 683 1460 758 sit

306 779 479 856 contentio,
494 785 614 840 tautum
625 778 723 854 abest,
735 776 929 839 dilectissima
942 776 973 837 in
985 774 1104 838 Christo
1115 775 1179 839 fitia
1194 784 1311 856 nostra,
1326 787 1360 841 ut
1373 765 1460 860 quid·

306 893 398 959 quam
411 879 550 953 obstare,
564 876 638 958 quin
659 876 713 938 tibi
726 875 942 955 gratificemur,
957 873 1052 954 possit
1067 880 1100 936 ut
1116 873 1211 945 etiam
1231 874 1271 937 ad
1287 875 1461 957 obsequen-

307 976 381 1038 dum
396 975 544 1055 eiusmodi
560 975 672 1056 optatis
686 976 746 1037 tuis
760 973 927 1037 incredibili
941 973 1075 1054 quadam
1086 973 1179 1037 uuimi
1191 973 1347 1039 unnim
1360 974 1461 1039 iucen-

305 1074 425 1137 damur.
439 1076 483 1136 Eo
496 1073 598 1155 itaque
611 1073 713 1136 auimo
723 1091 817 1154 quem
827 1080 859 1135 tu
870 1073 935 1154 ipsa
949 1072 1003 1135 tibi
1021 1071 1060 1135 de
1075 1072 1245 1152 Nobisjure
1256 1074 1393 1156 polbcita
1408 1092 1458 1160 es,

304 1172 478 1252 excepimus
491 1191 528 1235 ac
547 1172 700 1252 prosecuti
714 1188 820 1234 sumus
832 1170 980 1234 desideria
995 1176 1048 1232 tua
1062 1176 1096 1231 ut
1112 1169 1188 1232 nihil
1205 1170 1459 1252 interponendum

304 1287 397 1331 mora
416 1269 613 1346 duceremus,
634 1269 709 1350 quin
731 1269 838 1332 eadem
862 1270 1029 1351 apostolica
1049 1269 1231 1339 auctoritate
1250 1276 1319 1332 rata
1339 1277 1457 1346 esseut,

304 1367 562 1448 quemadmodum
585 1387 622 1429 ex
643 1368 813 1448 conjunctis
836 1368 948 1431 nostris
962 1367 992 1429 in
1015 1366 1115 1430 forma
1127 1367 1231 1430 Brevis
1243 1366 1351 1439 litteris
1367 1367 1459 1429 intel-

304 1462 389 1542 liges.
405 1461 539 1539 Eadem,
552 1463 664 1543 quoda
677 1464 875 1527 Nobisetism
888 1480 1071 1543 magnopere
1091 1462 1251 1543 flagitssti,
1266 1464 1455 1536 curavimus,

304 1568 338 1622 ut
347 1578 441 1641 quom
451 1559 595 1624 citissime
604 1560 827 1644 expedirentur,
842 1568 933 1641 atque
946 1559 1047 1622 isthuc
1059 1565 1180 1640 possent
1190 1557 1300 1621 idoneo
1309 1557 1349 1620 ad
1363 1578 1457 1640 ugen-

303 1658 375 1722 dum
389 1657 664 1740 perficiendamque
675 1678 741 1722 rem
757 1666 893 1740 tempore
909 1656 1076 1739 pervenire.
1091 1656 1177 1717 Nune
1187 1656 1283 1718 Deum
1292 1656 1328 1716 0.
1344 1656 1386 1716 u.
1403 1675 1457 1718 ve-

305 1756 461 1818 hementer
472 1775 632 1837 precamur
645 1776 681 1819 ao
693 1756 889 1819 obsecramus
900 1762 935 1816 ut
948 1772 1075 1834 operam
1086 1753 1165 1814 hauc
1177 1760 1312 1815 nostram
1321 1770 1378 1813 sua
1392 1751 1399 1812 i
1402 1771 1456 1832 pse

303 1852 485 1933 benignitate
495 1853 639 1917 secundet
653 1874 689 1916 ae
700 1853 857 1936 provebat.
871 1855 974 1933 Teque
985 1853 1129 1934 preclara
1141 1849 1337 1913 sanctissime
1347 1851 1454 1912 matris

303 1958 360 2012 tua
373 1950 511 2031 exempla
525 1957 721 2013 renovantem
734 1950 842 2012 calesu
856 1948 994 2031 presidio
1008 1949 1128 2012 muniat
1143 1968 1179 2012 ac
1189 1953 1351 2025 sustentet,
1363 1953 1454 2028 atque

301 2047 380 2111 banc
392 2048 485 2111 etiam
496 2047 597 2128 glorie
608 2047 813 2110 accessionem
828 2044 919 2108 saciat
930 2043 1141 2108 florentissimo
1154 2061 1247 2124 regno
1263 2042 1409 2106 carissimi
1423 2044 1453 2106 in

300 2144 419 2208 Christo
432 2144 484 2207 filii
496 2145 591 2208 nostri
603 2143 748 2207 Ludovici
762 2144 948 2205 ibancorum
960 2141 1050 2222 regis,
1064 2136 1307 2205 christianissimi
1320 2143 1453 2222 parentis

301 2242 360 2320 tui,
371 2242 436 2324 qui,
445 2261 508 2323 qua
518 2242 603 2304 estin
612 2243 709 2302 Deum
716 2239 874 2319 religione,
886 2246 976 2320 atque
985 2237 1192 2319 intepietate,
1203 2255 1259 2300 sua
1267 2244 1371 2299 tecum
1380 2256 1452 2301 eou-

296 2338 397 2415 junrit
410 2338 525 2416 studia,
537 2337 689 2418 Nobisque
699 2355 755 2418 per
766 2336 912 2398 dilectum
922 2336 1019 2398 tilium
1029 2342 1169 2398 nostrum
1179 2334 1375 2398 ibaucisoum
1385 2337 1453 2398 Joa·

299 2433 434 2495 chinium
444 2435 476 2495 S.
489 2435 526 2494 R.
540 2435 576 2494 E.
588 2433 800 2513 presbyterum
810 2431 997 2494 Cardinalem
1007 2430 1046 2494 de
1057 2433 1162 2495 Beruis
1172 2434 1326 2514 postulata
1336 2433 1387 2495 illa
1400 2441 1451 2496 bru

299 2530 520 2592 amuratissime
529 2529 763 2592 commendavit.
774 2529 872 2610 Regia
883 2530 962 2592 illius
971 2531 1117 2594 voluntati
1127 2530 1450 2594 libentissimemorem

297 2626 446 2705 gerimus,
463 2632 641 2707 tantumque
661 2625 889 2708 sapientissimis
903 2627 986 2689 hisce
1005 2628 1138 2691 consiliis
1151 2630 1217 2708 ejus
1234 2638 1327 2711 atque
1343 2629 1451 2692 officiis

297 2722 478 2800 tribuimus,
492 2730 641 2804 quantum
654 2721 769 2784 meritis
780 2721 840 2784 tuis
851 2728 909 2784 ture
919 2722 1002 2785 laudi
1012 2729 1072 2786 tutu
1085 2724 1187 2788 virtuti
1201 2725 1346 2788 favemus.
1363 2725 1449 2800 Quod

298 2819 421 2902 quidem
444 2839 481 2884 eo
495 2819 679 2884 cumulatius
698 2818 844 2897 iacimus,
859 2838 921 2901 quo
939 2819 970 2880 iu
984 2819 1044 2882 tuis
1064 2819 1102 2883 ad
1115 2824 1213 2885 Mum
1225 2823 1366 2904 precibus
1379 2840 1449 2884 am-

299 2919 397 3001 pliora
417 2919 526 2997 Nobis,
542 2919 696 2994 Ecclesia,
717 2916 827 2999 seipsi
847 2917 1056 2980 amantissimo
1070 2919 1187 2999 parenti
1206 2926 1261 2981 tuo
1274 2920 1448 2999 adjumenta

297 3018 429 3082 extitura
442 3017 633 3081 confidimus.
646 3015 732 3079 Acin
745 3014 867 3079 uberius
878 3014 1036 3097 singularis
1048 3015 1079 3077 in
1091 3022 1121 3078 te
1132 3016 1277 3097 pontificii
1293 3017 1387 3079 animi
1398 3018 1448 3099 pi-

296 3134 373 3195 gnus
393 3117 590 3198 apostoticam
615 3114 854 3178 benedictionem
876 3115 949 3189 tibi,
975 3113 1221 3177 dilectissimam
1246 3114 1364 3177 Christo
1385 3115 1448 3177 filia

297 3221 401 3276 nostra
409 3260 418 3291 ,
433 3216 540 3277 intimo
553 3216 671 3296 paterni
683 3213 783 3277 cordis
797 3231 887 3276 sensu
900 3213 1104 3300 amantissime
1115 3211 1314 3295 impertimur.
1331 3213 1446 3274 limum

300 3311 411 3383 Romae,
428 3319 499 3381 etc,
515 3313 565 3372 die
584 3326 617 3372 ts
633 3315 740 3391 aprilis
757 3323 831 3373 rm
843 3355 851 3386 ,
861 3315 1055 3389 pontificatus
1067 3314 1163 3372 nostri
1178 3329 1256 3373 anno
1271 3314 1368 3372 tertio.

806 3549 929 3624 CXCV.

552 3707 722 3750 crnrssrrco
743 3708 778 3750 ru
801 3709 933 3752 cnarsro
957 3708 1040 3752 emto
1064 3709 1183 3754 noarao

401 3812 616 3876 stablucio
635 3815 818 3911 Auuusuo
840 3816 1021 3876 POLONIAE
1041 3817 1134 3878 REGI
1156 3815 1336 3877 ILLUSTRI

602 3938 837 4016 CLEMENS
864 3939 992 4015 PAPA
1020 3939 1126 4015 XIV.

1052 4099 1149 4160 none,
1162 4103 1191 4148 ts
1202 4096 1282 4160 aprilis
1296 4099 1363 4146 1772.

335 4205 507 4277 Constitue,
533 4210 589 4265 etc.
615 4201 823 4266 Venerabilem
846 4203 982 4266 Fratrem
999 4204 1165 4286 iosephum
1180 4200 1446 4284 archiepiscopum

293 4299 408 4378 Beryti,
420 4302 507 4380 cujus
519 4300 637 4382 egregia
651 4317 742 4381 opera
755 4301 817 4364 Nos
826 4301 873 4363 usi
884 4319 1000 4380 sumus,
1012 4302 1125 4383 quique
1132 4299 1333 4382 singularibus
1348 4301 1441 4363 animi

293 4392 452 4455 virtutibus
459 4440 467 4471 ,
479 4396 625 4475 candore,
636 4395 779 4476 religione
786 4441 794 4474 ,
805 4395 958 4474 doctrina,
972 4415 1008 4458 ao
1019 4396 1179 4476 prudentia
1187 4407 1218 4460 et
1231 4398 1441 4474 ornatissimus

292 4497 353 4569 cst,
365 4498 396 4553 ct
409 4491 502 4553 Nobis
515 4493 830 4556 commendatissimm
836 4537 845 4573 ,
859 4512 929 4556 cum
941 4488 1125 4555 difficillimis
1138 4492 1221 4556 bisce
1234 4494 1439 4574 temporibus,
