3194 5354
330 446 382 495 252
760 444 962 503 Cluuienus
981 449 1044 503 xlv

329 545 406 606 lianc
419 562 502 624 spem
516 544 708 623 ingredimur,
721 556 834 626 quanto
848 558 877 609 te
892 553 987 631 magis
1000 553 1038 613 ab
1051 553 1106 614 illis
1120 554 1201 615 etob
1211 557 1475 637 necessitudinem,

326 651 358 703 et
371 644 411 704 ob
427 643 524 723 regias
544 644 669 706 virtutes
682 651 751 707 tuas
767 646 848 726 diligi
870 651 1080 731 perspicimus.
1097 653 1165 712 llaec
1182 653 1248 733 ipsa
1264 655 1358 716 etiam
1378 656 1476 719 officia

326 741 389 802 lore
401 741 446 801 vel
461 740 572 802 idcirco
592 742 630 803 iis
638 742 856 822 jucundissima
869 747 941 809 certi
956 767 1077 826 sumus,
1090 749 1172 830 quod
1186 756 1244 812 tue
1254 751 1354 814 laudis
1364 772 1400 815 cx
1417 754 1478 816 bu-

322 836 454 914 jusmodi
469 838 587 918 egregio
603 837 683 901 iacto
696 841 836 920 proiecte
847 844 923 919 sint,
939 846 1093 926 percupidi
1104 871 1112 923 3
1125 847 1259 928 ,proinde
1276 849 1475 914 libentissimo

325 933 426 994 animo
440 952 636 995 consensuros
650 934 728 996 inter
750 955 781 998 se
798 945 940 1018 putamus
956 947 989 1002 ut
1010 939 1170 1017 nimirum,
1186 938 1265 1004 unde
1284 944 1474 1008 simultatum

322 1030 442 1092 occasio
460 1031 605 1108 extiterit,
622 1032 691 1094 inde
703 1034 870 1098 concordiae
881 1037 972 1099 etiam
986 1038 1072 1100 initia
1093 1058 1110 1101 a
1127 1046 1179 1101 tua
1204 1041 1345 1121 singulari
1364 1043 1473 1106 virtute

322 1127 453 1189 deducta
466 1128 603 1191 existent.
617 1131 678 1193 Nos
699 1133 834 1213 prolecto
853 1155 890 1197 ea
903 1155 968 1199 esse
988 1145 1040 1200 tua
1062 1140 1093 1200 in
1111 1142 1251 1202 Sanctam
1266 1142 1344 1203 banc
1361 1144 1472 1207 Sedem

322 1227 429 1290 merita
440 1227 580 1307 latemur,
598 1237 631 1292 ut
640 1232 825 1310 gratissimas
841 1235 971 1300 babituri
986 1240 1081 1303 simus
1092 1242 1331 1322 opportunitates
1345 1262 1471 1323 omnes,

321 1325 431 1404 quibus
444 1325 496 1386 tibi
510 1326 667 1406 singularis
677 1337 810 1410 paternae
819 1342 927 1396 nostre
944 1336 1077 1399 caritatis
1089 1338 1211 1401 sensum
1221 1342 1468 1422 comprobemus.

322 1424 443 1486 Interim
455 1428 548 1488 Deum
563 1429 715 1509 Optimum
731 1431 895 1493 Maximum
908 1452 1079 1513 precamur,
1097 1442 1130 1497 ut
1142 1454 1203 1498 sua
1213 1437 1319 1516 gratiae
1329 1439 1471 1519 benigni-

321 1527 382 1583 tate
396 1522 519 1584 virtutes
532 1530 598 1586 tuas
608 1526 703 1606 magis
712 1527 741 1588 in
752 1527 816 1588 dies
827 1537 951 1608 augeat,
960 1537 1048 1611 teque
1059 1550 1135 1594 rere
1146 1532 1346 1610 felicitatis‚et
1356 1535 1467 1615 gloria,

319 1635 387 1696 que
400 1637 555 1700 nunquam
568 1622 722 1684 defectura
733 1623 782 1702 sit,
791 1633 964 1707 compotem
976 1628 1092 1691 reddat.
1104 1632 1137 1692 ln
1151 1631 1238 1710 eujus
1250 1632 1419 1712 auspicium
1431 1653 1468 1695 ac

319 1716 427 1796 pignus
447 1720 642 1799 apostolicam
660 1721 899 1785 benedictionem
917 1725 989 1801 tibi,
1014 1726 1202 1790 dilectissime
1226 1730 1257 1789 in
1284 1728 1402 1790 Christo
1424 1730 1465 1791 tili

319 1827 420 1878 noster
423 1825 564 1900 ,tumque
583 1821 832 1901 prestantissima
845 1823 984 1903 conjugi,
1005 1832 1163 1904 vestroque
1180 1844 1285 1888 recens
1297 1834 1369 1887 nato
1386 1825 1465 1903 lilio,

318 1929 355 1973 ac
368 1915 510 1977 universae
521 1922 579 1979 tue
587 1916 687 1996 Regia
695 1917 820 1980 Domui
811 1917 918 1982 rulime
927 1919 1043 2000 paterni
1053 1920 1152 1984 cordis
1161 1940 1251 1985 sensu
1262 1921 1466 1985 amantissime

318 2008 516 2092 impertimur
532 2015 645 2077 Datum
664 2017 783 2087 Remea,
796 2024 865 2085 etc,
884 2018 934 2078 die
948 2019 1079 2080 secunde
1093 2021 1258 2082 decembris
1275 2031 1369 2096 irre,
1391 2038 1466 2156 porr·

317 2111 451 2184 tijtcatus
465 2117 561 2173 nostri
575 2130 656 2175 anno
667 2118 786 2192 quinto

817 2341 951 2412 CCXLl.

575 2495 742 2539 carissruo
766 2498 800 2538 ιιι
823 2497 957 2540 cnmsro
981 2498 1062 2540 rrmo
1085 2498 1206 2541 uosruo
1369 2530 1374 2535 .

403 2602 570 2662 sussello
590 2604 632 2661 IN
649 2604 901 2666 ROMANORUM
922 2606 1205 2666 IMPERATOREM
1227 2607 1376 2666 utecru

623 2728 857 2808 CLEMENS
885 2733 1009 2808 ΡΑΡΑ
1039 2728 1145 2808 XIV.

971 2885 1065 2941 Romu,
1076 2879 1115 2930 dle
1132 2885 1158 2929 to
1170 2878 1303 2928 decembris
1316 2882 1384 2930 1773.

357 2992 533 3062 mma,
557 2997 615 3051 etc.
636 2988 715 3052 Nihil
738 2989 776 3051 ad
796 2991 984 3068 Majestatem
995 2991 1092 3051 Tuam
1114 2990 1343 3069 Augustumque
1369 2988 1463 3053 Nobis

313 3085 498 3148 carissimam
509 3088 639 3149 Domum
653 3085 799 3168 pertinere
812 3087 872 3148 ullo
884 3086 975 3148 modo
993 3091 1108 3166 potest,
1122 3083 1205 3165 quod
1216 3089 1378 3164 paternum
1392 3086 1463 3148 eni·-

314 3201 397 3245 mum
412 3190 547 3245 nostrum
562 3184 703 3265 singulari
718 3183 770 3246 tibi
785 3183 884 3245 studio
900 3181 1179 3260 conjunctissimmu
1192 3199 1252 3243 non
1268 3180 1460 3245 vebemeutcr

313 3277 425 3340 alliciat
438 3299 473 3342 ae
488 3282 639 3360 percellat.
658 3280 754 3342 Facile
768 3280 893 3360 proinde
904 3287 989 3361 potes
1006 3297 1202 3358 cognoscere,
1217 3285 1333 3359 quanto
1352 3277 1457 3341 dolore

312 3376 443 3456 acceptis
457 3376 562 3438 litteris
584 3377 642 3438 tuis
660 3376 787 3456 perculsi
807 3375 969 3451 fuerimus,
992 3375 1102 3455 quibus
1122 3374 1240 3454 lugubri
1263 3392 1336 3437 sene
1356 3371 1458 3434 ollicio

312 3470 515 3534 tristissimum
535 3473 659 3534 nuncies
679 3472 771 3534 Nobis
784 3472 848 3534 obit
836 3483 901 3534 tum
920 3471 1139 3534 dilectissimae
1131 3490 1162 3533 ιιι
1180 3471 1297 3533 Christo
1308 3468 1376 3531 mie
1388 3487 1459 3530 nos·

311 3576 365 3632 lroe
377 3572 472 3634 Annae
482 3571 623 3634 Guroliue
636 3571 735 3633 amitae
745 3578 815 3632 tuae
837 3574 932 3645 Quam
944 3573 1004 3634 Nos
1013 3579 1130 3660 partem
1139 3574 1182 3633 tui
1193 3571 1284 3651 huius
1293 3571 1390 3633 luctus
1400 3589 1458 3650 pro

310 3675 548 3748 peternanostra
558 3676 657 3730 tecum
666 3659 905 3730 necessitudine
895 3688 962 3749 Jure
976 3678 1118 3752 capturos
1125 3666 1460 3745 exterminarentur

306 3765 545 3827 cumulatissime
556 3784 709 3847 cepimus
722 3784 758 3827 ac
769 3773 928 3847 propterea
942 3785 998 3846 pro
1010 3768 1184 3848 illa,quam
1198 3765 1332 3829 declaras
1344 3762 1460 3828 debu

307 3861 440 3941 jusmodi
462 3870 565 3925 nostra
582 3864 693 3944 pietate
715 3863 826 3926 fiducia
848 3863 1006 3943 obsequuti
1027 3865 1128 3926 statim
1148 3881 1209 3925 non
1230 3861 1330 3925 miuus
1349 3867 1460 3922 nostru

309 3957 454 4022 voluntati
464 3977 680 4039 sumus‚quam
691 3965 751 4020 tue·
760 3967 849 4040 atque
860 3959 898 4020 ad
908 3960 1093 4022 exorandam
1101 3959 1154 4022 Dei
1163 3960 1198 4021 0.
1209 3959 1251 4020 M.
1265 3956 1460 4021 clementiam

310 4076 365 4138 pro
374 4057 520 4121 defuncte
528 4056 711 4136 Principissae
722 4057 880 4118 immortali
891 4057 1192 4138 requiecogitationes
1201 4063 1460 4121 nostrasconver-

311 4155 411 4218 timus.
427 4154 524 4230 leniri
539 4153 755 4233 aliquantulum
766 4173 854 4235 posse
868 4174 1061 4218 communem
1072 4156 1153 4219 bunc
1168 4156 1305 4218 dolorem
1317 4159 1460 4216 nostrum

310 4253 495 4331 putavimus,
509 4253 533 4314 si
549 4271 609 4314 una
622 4259 652 4312 et
667 4252 696 4312 in
712 4252 843 4314 divinam
856 4252 1090 4315 misericordiam
1098 4298 1106 4331 ,
1119 4261 1149 4314 et
1163 4252 1193 4313 iu
1207 4251 1286 4314 illius
1297 4268 1398 4314 mores
1419 4250 1459 4313 ad

309 4347 474 4410 christiane
487 4350 636 4430 religionis
648 4350 781 4413 instituta
793 4351 975 4430 compositos
994 4352 1187 4414 intueremur.
1199 4348 1352 4413 Accedere
1364 4367 1457 4430 porro

308 4443 400 4504 etiam
417 4445 505 4508 debet
517 4449 642 4510 mirifica
655 4450 704 4512 illa
714 4469 749 4510 ex
759 4449 858 4509 divina
873 4449 931 4508 lide
944 4449 1049 4510 bansta
1064 4449 1248 4525 consolatio,
1264 4458 1298 4510 ut
1312 4448 1456 4511 nimirum
