3194 5354
468 484 710 540 EPlSTOLAE-E'l'
728 482 863 538 suevia
881 483 1110 539 subsericas.
1321 486 1373 540 ²89

225 589 317 651 etiam
331 589 518 667 juramento,
531 587 757 650 confirmatione
772 588 948 667 apostolica,
967 587 1013 648 vel
1028 587 1133 667 quasis
1145 587 1286 650 firmitate
1299 589 1374 650 alias

225 686 375 750 roboratis
395 686 529 763 statutis,
544 691 575 746 et
590 680 872 760 consuetudinibus,
893 683 1053 764 privilegiis
1070 701 1207 765 quoque,
1227 683 1372 759 indultis,

227 792 257 847 et
272 783 379 846 litteris
391 782 581 864 apostolicis,
602 782 802 862 singularibus
817 781 909 843 etiarn
926 782 1061 862 personis
1074 782 1130 844 sub
1144 781 1373 864 quibuscunque

225 884 399 962 tenoribus,
413 891 445 945 et
458 882 563 945 formis
570 928 578 960 ,
594 901 629 945 ac
642 901 713 944 cum
725 880 880 964 quibusvis
891 880 1149 960 derogatoriarum
1164 879 1371 961 derogaturus,

226 980 351 1062 aliisque
361 979 595 1057 efficacioribus,
605 978 849 1060 irritantibusque
858 979 1000 1042 clausulis
1009 978 1235 1060 quomodolibet
1246 995 1373 1042 coooeu-

226 1079 283 1156 sis,
296 1084 327 1139 ct
342 1075 490 1139 innovatis
504 1100 512 1138 :
527 1076 640 1151 Quibus
654 1075 812 1153 omnihus,
823 1082 855 1137 et
867 1075 1008 1154 singulis,
1025 1075 1146 1138 illorum
1159 1080 1280 1136 tenores
1293 1090 1374 1154 pm-

226 1175 379 1251 sentibus,
391 1193 448 1258 pro
459 1175 563 1255 plene,
580 1180 611 1236 ct
624 1174 806 1239 suliiciouter
815 1175 982 1255 expressis,
994 1193 1030 1236 sc
1040 1174 1079 1236 de
1089 1173 1182 1235 serbo
1196 1170 1372 1234 adverbum

226 1270 343 1334 insertis
362 1270 526 1346 habentes,
544 1270 600 1332 illis
623 1271 736 1333 aliasin
755 1289 810 1333 suo
829 1271 939 1333 robore
952 1270 1170 1352 permausmis,
1184 1269 1222 1331 sd
1234 1268 1372 1350 promis-

225 1385 328 1430 sorum
339 1366 480 1429 ellectum
491 1367 549 1429 hac
559 1367 625 1429 vice
634 1368 792 1429 dumtaxat
800 1367 977 1449 specialiter,
989 1374 1021 1428 et
1029 1384 1169 1449 expresse
1178 1366 1370 1446 derogamus,

225 1465 398 1545 calensque
408 1465 564 1528 contrariis
569 1465 820 1546 quibuscumque.
831 1467 943 1526 Duum
953 1465 1054 1526 Romae
1061 1466 1145 1545 opud
1152 1465 1300 1526 Sanctam
1307 1466 1372 1525 Mo·

225 1568 305 1624 mom
317 1564 649 1639 ldojoremsuddanulo
661 1564 843 1632 Ptaeotorts,
852 1563 902 1623 dte
912 1573 946 1624 15
952 1561 1104 1641 febroarii
1118 1567 1373 1642 177³,poutistco-

227 1666 278 1721 tss
288 1665 384 1721 aaut
394 1677 475 1721 orac
486 1665 600 1738 quarto

733 1883 858 1954 ccxli.

483 2040 645 2082 caulssmo
669 2041 703 2081 lu
726 2041 858 2081 cnulsao
881 2038 968 2081 ululo
991 2039 1108 2081 NOSTRO

335 2143 545 2204 sraursmo
565 2115 746 2207 accusso
767 2144 947 2205 rotoma
967 2145 1062 2205 aem
1082 2143 1262 2205 rmusrm

535 2263 768 2343 CLEMENS
795 2267 921 2344 PAPA
950 2266 1057 2343 XIV.

1005 2428 1102 2485 Runa,
1117 2431 1131 2474 6
1147 2425 1226 2473 martii
1240 2429 1307 2478 1772.

265 2533 438 2609 Carissimo,
451 2544 507 2595 etc.
522 2536 598 2599 Cum
611 2554 665 2616 pro
678 2535 840 2614 Maiestatis
853 2537 924 2597 Tua
935 2536 1037 2616 tuique
1051 2534 1144 2614 Regni
1159 2535 1371 2615 tranquillitate

225 2628 497 2693 misericordiarum
510 2631 630 2694 Patrem
637 2639 667 2693 et
676 2633 758 2713 pacis
770 2653 805 2695 ac
819 2635 969 2695 bonorum
979 2631 1115 2694 omnium
1124 2631 1295 2711 largitorem
1305 2651 1371 2713 pre-

223 2727 284 2789 cati
302 2745 419 2809 semper
440 2746 560 2806 sumus,
577 2736 644 2790 tum
664 2745 682 2789 e
701 2730 845 2810 proximis
864 2729 969 2791 vestris
990 2727 1119 2790 comitiis
1137 2733 1170 2789 ut
1183 2727 1253 2804 tibi,
1274 2728 1372 2789 caris-

223 2824 298 2887 sime
311 2825 341 2886 iu
362 2826 478 2890 Christo
490 2827 531 2887 iili
545 2832 660 2903 noster,
673 2834 790 2908 tuoque
806 2827 913 2889 inclita
933 2826 1048 2888 nedoni
1068 2824 1168 2886 iamta
1183 2831 1214 2885 et
1226 2841 1372 2903 prospera

223 2922 326 2984 omnia
334 2922 473 2983 eveniant
484 2923 523 2984 ab
535 2924 586 2986 illo
599 2923 677 2985 votis
689 2925 830 2985 omnibus
840 2924 1041 3004 exposcimus.
1054 2926 1082 2983 A
1092 2939 1212 2982 summo
1222 2920 1304 2982 enim
1315 2919 1371 2980 hoc

222 3036 326 3081 rerum
339 3018 540 3080 humanarum
560 3026 686 3081 auctore
706 3037 743 3079 ac
757 3020 901 3095 Domino,
921 3020 952 3079 in
965 3020 1051 3097 cujus
1073 3033 1167 3077 manu
1187 3015 1291 3078 cordia
1311 3014 1372 3076 ho-

223 3115 341 3178 mirmm
352 3132 389 3176 ac
402 3132 506 3193 regom
520 3123 608 3194 sunt,
623 3132 730 3177 omncs
743 3133 819 3176 uera
832 3117 975 3178 utilitates
996 3134 1031 3177 ac
1044 3115 1179 3197 prosperi
1193 3120 1225 3176 et
1246 3115 1369 3176 moundi

221 3214 335 3296 quique
347 3230 502 3275 successus
516 3219 586 3276 sunt
600 3213 733 3276 maxime
751 3213 939 3295 expectandi.
950 3212 1032 3276 Illius
1045 3213 1146 3294 itaque
1157 3211 1371 3292 benignitatem

225 3329 260 3373 ac
273 3309 444 3391 presidium
453 3309 600 3373 demereri
610 3317 645 3372 ut
655 3311 763 3392 possis,
777 3310 875 3373 omnis
893 3311 947 3373 tibi
959 3329 1032 3372 cura
1044 3318 1090 3372 est
1105 3309 1291 3382 adhibenda,
1301 3314 1372 3371 stu-

224 3406 308 3469 dium
321 3424 411 3469 omae
422 3407 522 3470 innoc
542 3407 929 3494 pmopuscontcrendum.
949 3410 1037 3471 Nulla
1059 3407 1195 3490 protecto
1207 3407 1322 3469 ratione
1334 3426 1371 3470 ac

225 3504 272 3566 ria
282 3505 389 3567 melius
403 3513 492 3586 atque
506 3506 673 3588 expeditius
684 3507 802 3570 siiicsre
815 3508 845 3569 id
864 3508 988 3590 poteris,
999 3526 1093 3589 quam
1104 3506 1129 3568 si
1140 3507 1226 3587 cujus
1235 3508 1373 3588 pauori*

225 3697 375 3762 dmimum
386 3709 416 3764 te
427 3720 503 3780 esse,
518 3704 597 3766 illius
610 3705 736 3786 glorim
754 3706 866 3767 caseus
883 3706 974 3768 rebus
993 3706 1136 3768 omnibus
1146 3712 1327 3786 anteponere
1336 3716 1371 3769 tc

225 3799 326 3878 palam
343 3800 447 3863 iacias.
462 3803 593 3883 Egegire
604 3802 778 3883 hujusmodi
795 3803 956 3865 voluntatis
967 3802 1306 3885 declarandaeplurimas
1317 3820 1371 3884 op·

225 3900 422 3979 portunitates
440 3902 471 3963 in
481 3903 527 3964 his
541 3903 611 3983 ipsis
622 3899 750 3964 canillis
764 3901 870 3963 vestris
883 3900 937 3964 tibi
949 3900 1236 3965 minimedelutums
1246 3919 1371 3984 cognos-

225 3993 332 4056 cimus.
353 3999 385 4057 lu
399 3997 509 4076 quibus
525 4005 559 4060 ut
571 4016 754 4080 magnopere
771 4016 910 4073 veremur
921 4018 1020 4080 neque
1034 4006 1161 4063 conatus
1174 4007 1280 4062 contra
1298 4003 1370 4061 reli-

224 4095 320 4173 gionis
330 4096 532 4175 integritatem
543 4099 682 4173 existant,
698 4097 740 4158 ita
751 4097 782 4158 in
795 4096 831 4159 iis
842 4097 1021 4180 repellendis
1033 4098 1371 4176 auctoritatetuaatque

224 4192 306 4252 ouini
323 4192 414 4253 animi
432 4192 624 4255 contentione
635 4201 783 4276 quantum
805 4194 835 4254 iu
853 4202 883 4256 te
895 4195 968 4272 crit,
983 4201 1014 4256 te
1028 4213 1092 4257 esse
1107 4193 1284 4255 adnixumm
1300 4209 1371 4252 om-

224 4285 297 4345 nino
311 4287 499 4348 confidimus.
522 4289 607 4350 Hauc
625 4289 716 4369 igitur
728 4291 903 4370 preclaram
924 4297 1010 4352 tnam
1032 4304 1155 4369 operam
1171 4287 1201 4347 in
1216 4285 1369 4350 Catholicis

226 4388 315 4462 atque
338 4383 416 4445 avita
436 4375 533 4446 uestra
551 4382 684 4448 Ecclesia
708 4394 797 4467 prout
812 4387 902 4448 officii
921 4389 964 4449 tui
980 4386 1057 4448 ratio
1070 4383 1219 4464 postulat,
1238 4384 1366 4454 tuenda,

227 4487 316 4562 atque
337 4488 494 4563 propterea
511 4482 680 4545 Venerabili
692 4485 787 4546 Fratri
810 4484 941 4565 losephu
962 4480 1196 4562 archiepiscopo
1210 4482 1308 4562 Beryti
1321 4499 1369 4542 or-
