3194 5354
475 529 653 585 EPlSTOLAE
672 528 717 583 ET
737 529 868 583 naevia
887 528 1121 584 SELEC'l'lOer.
1322 539 1373 588 too

230 636 370 697 volumen
381 639 467 696 tuum
477 633 515 696 de
527 634 657 696 Historia
668 632 795 696 Murices
806 632 1164 715 perlibenteraccapimus
1171 637 1281 711 3Nobis
1291 639 1373 700 enim
1427 624 1429 628 ’

229 733 405 795 memoriam
418 732 584 810 revocavit,
599 730 792 811 integritatis,
807 736 838 792 et
860 731 1111 793 consentientium
1129 731 1267 811 religioso
1281 736 1374 796 losti-

229 841 294 897 tuto
312 853 430 897 morum
442 833 626 896 constantie.
640 832 688 894 ad
703 851 778 913 quas
791 837 858 893 tuas
871 831 975 894 laudes
991 848 1061 893 cum
1081 830 1203 893 accedat
1215 832 1372 913 singularis

228 940 281 994 tua
294 933 325 994 in
341 934 430 994 rebus
450 931 573 994 musicis
595 930 804 1011 intelligentia,
820 936 993 1010 pergratum
1015 946 1087 990 sane
1102 928 1194 990 Nobis
1209 928 1265 990 luit
1284 936 1372 992 tuum

226 1031 399 1109 hujusmodi
416 1049 544 1109 munus,
562 1030 644 1111 quod
665 1035 728 1090 tam
750 1029 859 1090 miram
875 1027 906 1088 iu
925 1046 962 1089 eo
984 1044 1092 1109 genere
1112 1026 1221 1107 ingenii
1235 1028 1279 1089 tui
1293 1029 1370 1104 vim,

227 1128 401 1192 eruditionis
413 1129 532 1212 copiam
550 1126 750 1209 praeseferret,
765 1130 874 1188 ettam
893 1125 1052 1208 preclaras
1072 1124 1166 1187 Nobis
1180 1144 1286 1187 causas
1308 1126 1371 1203 tui,

227 1247 317 1308 quem
334 1227 526 1289 vehementer
548 1224 699 1306 diligimus
721 1221 951 1286 commendandi
965 1222 1061 1284 daret.
1083 1222 1264 1304 llaguopere
1282 1223 1372 1305 cupi-

227 1345 309 1402 mus,
332 1333 366 1388 ut
378 1326 604 1407 quamprimum
620 1325 741 1405 reliqum
760 1323 870 1404 egregii
891 1322 1026 1402 ejusdem
1042 1323 1141 1403 operis
1158 1329 1259 1403 partes
1279 1323 1372 1384 abso—

226 1424 310 1499 lutae,
331 1441 367 1484 ac
385 1422 523 1504 perlectae
536 1423 566 1484 in
584 1423 682 1484 lucem
695 1421 860 1502 prodeant,
874 1439 935 1501 quo
954 1438 1023 1482 cum
1044 1419 1185 1499 singulari
1204 1426 1263 1482 tuae
1274 1421 1372 1483 laudis

227 1519 395 1583 accessione
407 1520 533 1584 clariora
554 1538 589 1581 ac
602 1518 804 1600 perspectione
822 1517 881 1579 sint
891 1516 1032 1580 omnibus
1047 1516 1132 1578 initia
1146 1535 1181 1578 ac
1199 1536 1371 1597 progressus

225 1619 408 1682 suavissimae
420 1621 502 1698 ortis,
514 1619 700 1682 celebrandis
711 1617 802 1680 etiam
816 1616 985 1679 divinarum
998 1634 1100 1677 rerum
1111 1615 1259 1696 Mysteriis
1269 1617 1308 1678 ab
1318 1618 1371 1679 Ec-

225 1717 315 1779 clesia
331 1717 388 1779 rite
401 1725 595 1781 consecrate.
607 1719 735 1778 Demum
751 1720 886 1796 nostram
901 1720 1032 1776 veterem
1050 1730 1121 1792 erga
1139 1719 1171 1775 te
1190 1714 1371 1777 berrevolen-

226 1813 298 1876 tiam
311 1815 449 1878 eamdem
458 1834 524 1878 esse
534 1815 627 1893 seito,
642 1813 762 1897 qualem
773 1831 850 1895 saepe
862 1817 950 1874 antea
963 1810 1136 1894 perspexisti
1149 1857 1156 1887 ,
1169 1829 1266 1893 neque
1278 1812 1371 1893 ipsius

226 1909 358 1988 fructus,
373 1911 398 1972 si
415 1911 525 1993 quibus
538 1930 615 1993 opus
629 1911 704 1990 erit,
716 1911 884 1974 luculentos
896 1915 985 1990 atque
997 1908 1104 1971 uberes
1126 1909 1179 1970 tibi
1198 1926 1331 1991 unquam
1353 1931 1370 1972 a

226 2008 317 2071 Nobis
335 2029 400 2071 esse
415 2008 579 2073 defuturos.
595 2008 739 2071 Dabimus
755 2014 835 2071 certe
852 2025 991 2089 operam,
1013 2013 1046 2069 ut
1058 2014 1218 2088 paternum
1236 2007 1369 2069 animum

225 2111 362 2169 nostrum
372 2124 443 2186 erga
461 2111 490 2167 te
510 2105 778 2189 propensissimum
790 2123 907 2186 semper
920 2104 1076 2184 intelligas.
1099 2107 1142 2166 be
1160 2106 1190 2165 in
1211 2105 1300 2183 hujus
1314 2124 1370 2166 vo-

224 2202 347 2265 luntatis
363 2203 470 2287 pignus
487 2202 682 2285 apostolicam
695 2202 933 2265 benedictionem
947 2201 1013 2277 tibi,
1030 2202 1136 2264 dilecte
1148 2202 1201 2278 lili,
1213 2220 1371 2283 peraman-

224 2307 270 2360 ter
283 2299 481 2383 impertimur.
497 2300 612 2364 Datum
622 2305 732 2373 Reno,
743 2307 811 2374 etc,
825 2299 875 2362 dte
887 2300 1068 2377 rrjoaaorr'i
1081 2309 1150 2361 rm
1160 2345 1167 2375 ‚
1177 2302 1370 2378 pontificatus

223 2402 319 2458 austri
332 2417 412 2460 anno
427 2399 565 2461 seeundo.

703 2505 885 2517 nunu—*u-

722 2618 865 2691 CXXlll.

460 2777 678 2822 lebCTlSBIHO
700 2779 734 2820 tn
756 2777 888 2820 01118Το
911 2777 992 2819 mlo
1016 2776 1134 2818 nomo

553 2888 822 2950 Maxnnblnno
840 2886 1027 2956 JOSEPHO,

362 3007 451 3057 onor
472 3009 648 3069 navemn,
670 3011 699 3057 s.
725 3012 758 3057 n.
782 3011 804 3056 r.
831 3007 1000 3056 rnrncrer
1024 3007 1228 3063 errorem,

528 3112 762 3192 CLEMENS
790 3113 918 3191 ΡΑΡΑ
946 3110 1052 3188 XIV.

962 3273 1060 3328 Romu,
1076 3267 1221 3328 reinduerit
1239 3272 1305 3317 1771,

261 3375 475 3451 Dilectissimo,
491 3383 548 3437 etc.
564 3379 777 3451 Quaevertente
793 3397 872 3439 anno
887 3396 1013 3439 renovas
1027 3395 1083 3458 pro
1094 3376 1186 3438 Nobis
1198 3382 1284 3452 vota,
1296 3377 1368 3438 lilia-

221 3469 279 3530 lem
304 3490 340 3532 ea
358 3472 491 3534 animum
516 3482 620 3552 tuum,
639 3475 791 3556 nostrique
809 3477 1031 3557 perstudiosum
1052 3473 1254 3557 praescierunt.
1272 3477 1367 3548 Quam

222 3570 282 3629 Nos
294 3569 468 3648 hujusmodi
483 3572 668 3634 voluntatem
681 3591 719 3634 ex
731 3580 833 3635 nostra
850 3574 943 3637 etiam
953 3574 1153 3647 aestimamus,
1173 3590 1234 3651 qua
1254 3589 1325 3650 erga
1339 3579 1368 3631 to

223 3685 341 3746 sumus,
354 3671 511 3750 Deumque
529 3670 682 3750 Optimum
695 3670 860 3732 Maximum
873 3688 1049 3752 precamur,
1065 3676 1098 3729 ut
1112 3686 1188 3729 verre
1208 3666 1366 3748 solideque

223 3763 368 3828 felicitatis
390 3767 567 3830 muneribus
582 3775 611 3830 te
631 3787 749 3850 semper
763 3773 888 3849 augeat,
909 3768 1019 3849 detque
1032 3767 1113 3828 illam
1132 3783 1224 3845 quam
1238 3783 1368 3845 magno-

222 3880 293 3940 pere
309 3870 450 3944 exoptare
468 3872 498 3927 te
512 3865 632 3944 scribis,
647 3884 766 3948 quaque
784 3867 856 3929 nibil
875 3865 1070 3947 praestabilius
1084 3882 1149 3926 esse
1162 3871 1277 3945 potest,
1299 3884 1368 3926 am-

220 3959 385 4040 plissimam
404 3965 546 4044 consequi
569 3964 600 4025 in
619 3965 830 4046 promovendis
851 3963 1011 4045 Religionis
1028 3963 1228 4044 Ecclesiaeque
1247 3963 1367 4024 univer-

221 4058 290 4120 salis
305 4059 471 4122 commodis
484 4061 626 4140 gloriam,
642 4069 676 4124 ut
692 4063 794 4123 iubae
812 4062 923 4123 scilicet
935 4061 1053 4141 egregia
1067 4060 1164 4122 laudis
1177 4058 1367 4121 contentione

222 4173 281 4216 non
300 4154 398 4217 solum
412 4156 560 4232 Majomm
582 4167 705 4221 tuorum
718 4159 865 4221 aemuleris
885 4159 1042 4236 virtutem,
1059 4159 1112 4222 sed
1131 4158 1242 4218 vincas.
1269 4157 1366 4234 Atque

220 4250 291 4312 lrinc
307 4251 409 4314 itidem
422 4251 477 4314 tibi
491 4257 621 4319 maxime
632 4257 745 4323 illudet
758 4257 920 4319 certissime
934 4264 1073 4320 constare
1087 4256 1194 4328 debet,
1207 4270 1290 4328 eam,
1306 4274 1365 4335 qua

222 4355 251 4409 tc
265 4348 502 4428 comprecemur,
513 4357 669 4432 paternam
687 4353 842 4415 caritatem
864 4354 1050 4426 uberiorem,
1068 4370 1160 4432 quam
1174 4349 1255 4411 sitin
1275 4352 1365 4413 Nobis

221 4443 508 4527 cumulatioremque
521 4466 586 4511 esse
605 4469 666 4512 ncn
680 4469 777 4531 posse.
794 4453 827 4510 ln
845 4451 930 4529 euius
943 4449 1101 4511 voluntatis
1118 4448 1223 4528 pignus
1241 4457 1365 4530 aposto-

223 4542 312 4611 licam
327 4540 565 4607 benedictionem
582 4547 654 4626 tibi,
678 4548 866 4612 dilectissime
884 4548 914 4608 in
932 4546 1047 4608 Christo
1064 4545 1105 4606 fili
1118 4553 1233 4624 noster,
1249 4553 1365 4626 tnarqnc
